{"AAPL": {"2021-06-26": {"totalLiab": 265560000000, "totalStockholderEquity": 64280000000, "otherCurrentLiab": 51306000000, "totalAssets": 329840000000, "commonStock": 54989000000, "otherCurrentAssets": 13641000000, "retainedEarnings": 9233000000, "otherLiab": 38354000000, "treasuryStock": 58000000, "otherAssets": 44854000000, "cash": 34050000000, "totalCurrentLiabilities": 107754000000, "shortLongTermDebt": 8039000000, "otherStockholderEquity": 58000000, "propertyPlantEquipment": 38615000000, "totalCurrentAssets": 114423000000, "longTermInvestments": 131948000000, "netTangibleAssets": 64280000000, "shortTermInvestments": 27646000000, "netReceivables": 33908000000, "longTermDebt": 105752000000, "inventory": 5178000000, "accountsPayable": 40409000000, "researchDevelopment": 5717000000, "effectOfAccountingCharges": null, "incomeBeforeTax": 24369000000, "minorityInterest": null, "netIncome": 21744000000, "sellingGeneralAdministrative": 5412000000, "grossProfit": 35255000000, "ebit": 24126000000, "operatingIncome": 24126000000, "otherOperatingExpenses": null, "interestExpense": -665000000, "extraordinaryItems": null, "nonRecurring": null, "otherItems": null, "incomeTaxExpense": 2625000000, "totalRevenue": 81434000000, "totalOperatingExpenses": 57308000000, "costOfRevenue": 46179000000, "totalOtherIncomeExpenseNet": 243000000, "discontinuedOperations": null, "netIncomeFromContinuingOps": 21744000000, "netIncomeApplicableToCommonShares": 21744000000, "investments": 5747000000, "changeToLiabilities": 307000000, "totalCashflowsFromInvestingActivities": 3572000000, "totalCashFromFinancingActivities": -29396000000, "changeToOperatingActivities": -6048000000, "changeInCash": -4730000000, "repurchaseOfStock": -25595000000, "totalCashFromOperatingActivities": 21094000000, "depreciation": 2832000000, "otherCashflowsFromInvestingActivities": -78000000, "dividendsPaid": -3767000000, "changeToInventory": 13000000, "changeToAccountReceivables": 1031000000, "otherCashflowsFromFinancingActivities": -34000000, "changeToNetincome": 1215000000, "capitalExpenditures": -2093000000}, "2021-03-27": {"totalLiab": 267980000000, "totalStockholderEquity": 69178000000, "otherCurrentLiab": 53255000000, "totalAssets": 337158000000, "commonStock": 54203000000, "otherCurrentAssets": 13376000000, "retainedEarnings": 15261000000, "otherLiab": 39853000000, "treasuryStock": -286000000, "otherAssets": 43339000000, "cash": 38466000000, "totalCurrentLiabilities": 106385000000, "shortLongTermDebt": 8003000000, "otherStockholderEquity": -286000000, "propertyPlantEquipment": 37815000000, "totalCurrentAssets": 121465000000, "longTermInvestments": 134539000000, "netTangibleAssets": 69178000000, "shortTermInvestments": 31368000000, "netReceivables": 33036000000, "longTermDebt": 108642000000, "inventory": 5219000000, "accountsPayable": 40127000000, "researchDevelopment": 5262000000, "effectOfAccountingCharges": null, "incomeBeforeTax": 28011000000, "minorityInterest": null, "netIncome": 23630000000, "sellingGeneralAdministrative": 5314000000, "grossProfit": 38079000000, "ebit": 27503000000, "operatingIncome": 27503000000, "otherOperatingExpenses": null, "interestExpense": -670000000, "extraordinaryItems": null, "nonRecurring": null, "otherItems": null, "incomeTaxExpense": 4381000000, "totalRevenue": 89584000000, "totalOperatingExpenses": 62081000000, "costOfRevenue": 51505000000, "totalOtherIncomeExpenseNet": 508000000, "discontinuedOperations": null, "netIncomeFromContinuingOps": 23630000000, "netIncomeApplicableToCommonShares": 23630000000, "investments": -7895000000, "changeToLiabilities": -23366000000, "totalCashflowsFromInvestingActivities": -10368000000, "netBorrowings": 10423000000, "totalCashFromFinancingActivities": -11326000000, "changeToOperatingActivities": 11265000000, "issuanceOfStock": 561000000, "changeInCash": 2287000000, "repurchaseOfStock": -18847000000, "totalCashFromOperatingActivities": 23981000000, "depreciation": 2797000000, "otherCashflowsFromInvestingActivities": -204000000, "dividendsPaid": -3447000000, "changeToInventory": -276000000, "changeToAccountReceivables": 8598000000, "otherCashflowsFromFinancingActivities": -16000000, "changeToNetincome": 1333000000, "capitalExpenditures": -2269000000}, "2020-12-26": {"totalLiab": 287830000000, "totalStockholderEquity": 66224000000, "otherCurrentLiab": 55899000000, "totalAssets": 354054000000, "commonStock": 51744000000, "otherCurrentAssets": 13687000000, "retainedEarnings": 14301000000, "otherLiab": 43042000000, "treasuryStock": 179000000, "otherAssets": 43270000000, "cash": 36010000000, "totalCurrentLiabilities": 132507000000, "shortLongTermDebt": 7762000000, "otherStockholderEquity": 179000000, "propertyPlantEquipment": 37933000000, "totalCurrentAssets": 154106000000, "longTermInvestments": 118745000000, "netTangibleAssets": 66224000000, "shortTermInvestments": 40816000000, "netReceivables": 58620000000, "longTermDebt": 99281000000, "inventory": 4973000000, "accountsPayable": 63846000000, "researchDevelopment": 5163000000, "effectOfAccountingCharges": null, "incomeBeforeTax": 33579000000, "minorityInterest": null, "netIncome": 28755000000, "sellingGeneralAdministrative": 5631000000, "grossProfit": 44328000000, "ebit": 33534000000, "operatingIncome": 33534000000, "otherOperatingExpenses": null, "interestExpense": -638000000, "extraordinaryItems": null, "nonRecurring": null, "otherItems": null, "incomeTaxExpense": 4824000000, "totalRevenue": 111439000000, "totalOperatingExpenses": 77905000000, "costOfRevenue": 67111000000, "totalOtherIncomeExpenseNet": 45000000, "discontinuedOperations": null, "netIncomeFromContinuingOps": 28755000000, "netIncomeApplicableToCommonShares": 28755000000, "investments": -5279000000, "changeToLiabilities": 23011000000, "totalCashflowsFromInvestingActivities": -8584000000, "netBorrowings": -978000000, "totalCashFromFinancingActivities": -32249000000, "changeToOperatingActivities": -5761000000, "issuanceOfStock": 561000000, "changeInCash": -2070000000, "repurchaseOfStock": -27636000000, "totalCashFromOperatingActivities": 38763000000, "depreciation": 2666000000, "otherCashflowsFromInvestingActivities": 204000000, "dividendsPaid": -3613000000, "changeToInventory": -950000000, "changeToAccountReceivables": -10945000000, "otherCashflowsFromFinancingActivities": -22000000, "changeToNetincome": 1987000000, "capitalExpenditures": -3500000000}, "2020-09-26": {"totalLiab": 258549000000, "totalStockholderEquity": 65339000000, "otherCurrentLiab": 47867000000, "totalAssets": 323888000000, "commonStock": 50779000000, "otherCurrentAssets": 11264000000, "retainedEarnings": 14966000000, "otherLiab": 46108000000, "treasuryStock": -406000000, "otherAssets": 33952000000, "cash": 38016000000, "totalCurrentLiabilities": 105392000000, "shortLongTermDebt": 8773000000, "otherStockholderEquity": -406000000, "propertyPlantEquipment": 45336000000, "totalCurrentAssets": 143713000000, "longTermInvestments": 100887000000, "netTangibleAssets": 65339000000, "shortTermInvestments": 52927000000, "netReceivables": 37445000000, "longTermDebt": 98667000000, "inventory": 4061000000, "accountsPayable": 42296000000, "researchDevelopment": 4978000000, "effectOfAccountingCharges": null, "incomeBeforeTax": 14901000000, "minorityInterest": null, "netIncome": 12673000000, "sellingGeneralAdministrative": 4936000000, "grossProfit": 24689000000, "ebit": 14775000000, "operatingIncome": 14775000000, "otherOperatingExpenses": null, "interestExpense": -634000000, "extraordinaryItems": null, "nonRecurring": null, "otherItems": null, "incomeTaxExpense": 2228000000, "totalRevenue": 64698000000, "totalOperatingExpenses": 49923000000, "costOfRevenue": 40009000000, "totalOtherIncomeExpenseNet": 126000000, "discontinuedOperations": null, "netIncomeFromContinuingOps": 12673000000, "netIncomeApplicableToCommonShares": 12673000000, "investments": 7468000000, "changeToLiabilities": 7157000000, "totalCashflowsFromInvestingActivities": 5531000000, "netBorrowings": -703000000, "totalCashFromFinancingActivities": -21357000000, "changeToOperatingActivities": -4911000000, "issuanceOfStock": 450000000, "changeInCash": 4750000000, "repurchaseOfStock": -17587000000, "totalCashFromOperatingActivities": 20576000000, "depreciation": 2702000000, "otherCashflowsFromInvestingActivities": -102000000, "dividendsPaid": -3511000000, "changeToInventory": -137000000, "changeToAccountReceivables": 1768000000, "otherCashflowsFromFinancingActivities": -6000000, "changeToNetincome": 1324000000, "capitalExpenditures": -1784000000}}, "ACN": {"2021-05-31": {"capitalSurplus": 8756315000, "totalLiab": 22230920000, "totalStockholderEquity": 19342845000, "minorityInterest": 551119000, "deferredLongTermLiab": 730919000, "otherCurrentLiab": 4744683000, "totalAssets": 42124884000, "commonStock": 72000, "otherCurrentAssets": 1657604000, "retainedEarnings": 15004281000, "otherLiab": 4596223000, "goodWill": 9144313000, "treasuryStock": -4417823000, "otherAssets": 6840310000, "cash": 10009380000, "totalCurrentLiabilities": 14929559000, "deferredLongTermAssetCharges": 4225383000, "shortLongTermDebt": 9157000, "otherStockholderEquity": 221600000, "propertyPlantEquipment": 4667906000, "totalCurrentAssets": 21144858000, "longTermInvestments": 327497000, "netTangibleAssets": 10198532000, "shortTermInvestments": 4433000, "netReceivables": 9473441000, "longTermDebt": 61629000, "accountsPayable": 1926910000, "researchDevelopment": null, "effectOfAccountingCharges": null, "incomeBeforeTax": 2094001000, "netIncome": 1549426000, "sellingGeneralAdministrative": 2285728000, "grossProfit": 4404384000, "ebit": 2118656000, "operatingIncome": 2118656000, "otherOperatingExpenses": null, "interestExpense": -28739000, "extraordinaryItems": null, "nonRecurring": null, "otherItems": null, "incomeTaxExpense": 524429000, "totalRevenue": 13263795000, "totalOperatingExpenses": 11145139000, "costOfRevenue": 8859411000, "totalOtherIncomeExpenseNet": -24655000, "discontinuedOperations": null, "netIncomeFromContinuingOps": 1569572000, "netIncomeApplicableToCommonShares": 1549426000, "changeToLiabilities": 188393000, "totalCashflowsFromInvestingActivities": -572688000, "netBorrowings": -562000, "totalCashFromFinancingActivities": -1012368000, "changeToOperatingActivities": 340974000, "issuanceOfStock": 392478000, "changeInCash": 842802000, "repurchaseOfStock": -834995000, "effectOfExchangeRate": 26708000, "totalCashFromOperatingActivities": 2401150000, "depreciation": 218482000, "otherCashflowsFromInvestingActivities": 15075000, "dividendsPaid": -558455000, "changeToAccountReceivables": -625060000, "otherCashflowsFromFinancingActivities": -10834000, "changeToNetincome": 451178000, "capitalExpenditures": -158212000}, "2021-02-28": {"capitalSurplus": 8389344000, "totalLiab": 21142974000, "totalStockholderEquity": 18308027000, "minorityInterest": 534400000, "deferredLongTermLiab": 714586000, "otherCurrentLiab": 4680156000, "totalAssets": 39985401000, "commonStock": 72000, "otherCurrentAssets": 1665232000, "retainedEarnings": 14035805000, "otherLiab": 4320038000, "goodWill": 8752119000, "treasuryStock": -4117194000, "otherAssets": 6719864000, "cash": 9166578000, "totalCurrentLiabilities": 14090668000, "deferredLongTermAssetCharges": 4179778000, "shortLongTermDebt": 9040000, "otherStockholderEquity": -203277000, "propertyPlantEquipment": 4646536000, "totalCurrentAssets": 19560720000, "longTermInvestments": 306162000, "netTangibleAssets": 9555908000, "shortTermInvestments": 3518000, "netReceivables": 8725392000, "longTermDebt": 59323000, "accountsPayable": 1740395000, "researchDevelopment": null, "effectOfAccountingCharges": null, "incomeBeforeTax": 1762443000, "netIncome": 1440859000, "sellingGeneralAdministrative": 1941717000, "grossProfit": 3595232000, "ebit": 1653515000, "operatingIncome": 1653515000, "otherOperatingExpenses": null, "interestExpense": -8922000, "extraordinaryItems": null, "nonRecurring": null, "otherItems": null, "incomeTaxExpense": 300950000, "totalRevenue": 12088125000, "totalOperatingExpenses": 10434610000, "costOfRevenue": 8492893000, "totalOtherIncomeExpenseNet": 108928000, "discontinuedOperations": null, "netIncomeFromContinuingOps": 1461493000, "netIncomeApplicableToCommonShares": 1440859000, "changeToLiabilities": 813671000, "totalCashflowsFromInvestingActivities": -439355000, "netBorrowings": -642000, "totalCashFromFinancingActivities": -1546733000, "changeToOperatingActivities": -343114000, "issuanceOfStock": 208195000, "changeInCash": 572575000, "repurchaseOfStock": -1184586000, "effectOfExchangeRate": 23942000, "totalCashFromOperatingActivities": 2534721000, "depreciation": 193236000, "otherCashflowsFromInvestingActivities": 3347000, "dividendsPaid": -560425000, "changeToAccountReceivables": -92449000, "otherCashflowsFromFinancingActivities": -9275000, "changeToNetincome": 495634000, "capitalExpenditures": -92510000}, "2020-11-30": {"capitalSurplus": 7551089000, "totalLiab": 19842095000, "totalStockholderEquity": 17906501000, "minorityInterest": 519715000, "deferredLongTermLiab": 715897000, "otherCurrentLiab": 3988916000, "totalAssets": 38268311000, "commonStock": 72000, "otherCurrentAssets": 1401232000, "retainedEarnings": 13276702000, "otherLiab": 4335930000, "goodWill": 8127411000, "treasuryStock": -2921362000, "otherAssets": 6608955000, "cash": 8594003000, "totalCurrentLiabilities": 12819099000, "deferredLongTermAssetCharges": 4178723000, "shortLongTermDebt": 8925000, "otherStockholderEquity": 242479000, "propertyPlantEquipment": 4606945000, "totalCurrentAssets": 18626094000, "longTermInvestments": 298906000, "netTangibleAssets": 9779090000, "shortTermInvestments": 83148000, "netReceivables": 8547711000, "longTermDebt": 59881000, "accountsPayable": 1513442000, "researchDevelopment": null, "effectOfAccountingCharges": null, "incomeBeforeTax": 1986867000, "netIncome": 1500276000, "sellingGeneralAdministrative": 2007627000, "grossProfit": 3898296000, "ebit": 1890669000, "operatingIncome": 1890669000, "otherOperatingExpenses": null, "interestExpense": -8854000, "extraordinaryItems": null, "nonRecurring": null, "otherItems": null, "incomeTaxExpense": 464810000, "totalRevenue": 11762185000, "totalOperatingExpenses": 9871516000, "costOfRevenue": 7863889000, "totalOtherIncomeExpenseNet": 96198000, "discontinuedOperations": null, "netIncomeFromContinuingOps": 1522057000, "netIncomeApplicableToCommonShares": 1500276000, "changeToLiabilities": -2861000, "totalCashflowsFromInvestingActivities": -446407000, "netBorrowings": -82000, "totalCashFromFinancingActivities": -999451000, "changeToOperatingActivities": -13250000, "issuanceOfStock": 338891000, "changeInCash": 178673000, "repurchaseOfStock": -768895000, "effectOfExchangeRate": 21686000, "totalCashFromOperatingActivities": 1602845000, "depreciation": 201125000, "otherCashflowsFromInvestingActivities": 1549000, "dividendsPaid": -557419000, "changeToAccountReceivables": -594475000, "otherCashflowsFromFinancingActivities": -11946000, "changeToNetincome": 395919000, "capitalExpenditures": -93115000}, "2020-08-31": {"capitalSurplus": 7167227000, "totalLiab": 19579420000, "totalStockholderEquity": 17000536000, "minorityInterest": 498637000, "deferredLongTermLiab": 723168000, "otherCurrentLiab": 4115725000, "totalAssets": 37078593000, "commonStock": 72000, "otherCurrentAssets": 1393225000, "retainedEarnings": 12375533000, "otherLiab": 4195194000, "goodWill": 7709820000, "treasuryStock": -2542296000, "otherAssets": 6565589000, "cash": 8415330000, "totalCurrentLiabilities": 12662590000, "deferredLongTermAssetCharges": 4153146000, "shortLongTermDebt": 7820000, "otherStockholderEquity": 23465000, "propertyPlantEquipment": 4728914000, "totalCurrentAssets": 17749756000, "longTermInvestments": 324514000, "netTangibleAssets": 9290716000, "shortTermInvestments": 94309000, "netReceivables": 7846892000, "longTermDebt": 54052000, "accountsPayable": 1349874000, "researchDevelopment": null, "effectOfAccountingCharges": null, "incomeBeforeTax": 1783355000, "netIncome": 1287929000, "sellingGeneralAdministrative": 1895837000, "grossProfit": 3440540000, "ebit": 1544703000, "operatingIncome": 1544703000, "otherOperatingExpenses": null, "interestExpense": -14069000, "extraordinaryItems": null, "nonRecurring": null, "otherItems": null, "incomeTaxExpense": 477931000, "totalRevenue": 10835271000, "totalOperatingExpenses": 9290568000, "costOfRevenue": 7394731000, "totalOtherIncomeExpenseNet": 238652000, "discontinuedOperations": null, "netIncomeFromContinuingOps": 1305424000, "netIncomeApplicableToCommonShares": 1287929000, "investments": -17689000, "changeToLiabilities": -141031000, "totalCashflowsFromInvestingActivities": -246342000, "netBorrowings": -6512000, "totalCashFromFinancingActivities": -1013542000, "changeToOperatingActivities": 504638000, "issuanceOfStock": 104729000, "changeInCash": 1973069000, "repurchaseOfStock": -589892000, "effectOfExchangeRate": 76819000, "totalCashFromOperatingActivities": 3156134000, "depreciation": 210834000, "otherCashflowsFromInvestingActivities": 2102000, "dividendsPaid": -508586000, "changeToAccountReceivables": 817865000, "otherCashflowsFromFinancingActivities": -13281000, "changeToNetincome": 412305000, "capitalExpenditures": -188718000}}, "ADBE": {"2021-06-04": {"intangibleAssets": 1641000000, "capitalSurplus": 7877000000, "totalLiab": 11730000000, "totalStockholderEquity": 13852000000, "otherCurrentLiab": 4322000000, "totalAssets": 25582000000, "otherCurrentAssets": 37000000, "retainedEarnings": 21538000000, "otherLiab": 988000000, "goodWill": 11859000000, "treasuryStock": -15563000000, "otherAssets": 1973000000, "cash": 4250000000, "totalCurrentLiabilities": 6145000000, "deferredLongTermAssetCharges": 1168000000, "otherStockholderEquity": -121000000, "propertyPlantEquipment": 2031000000, "totalCurrentAssets": 8078000000, "netTangibleAssets": 352000000, "shortTermInvestments": 1518000000, "netReceivables": 1477000000, "longTermDebt": 4120000000, "accountsPayable": 312000000, "researchDevelopment": 612000000, "effectOfAccountingCharges": null, "incomeBeforeTax": 1386000000, "minorityInterest": null, "netIncome": 1116000000, "sellingGeneralAdministrative": 1329000000, "grossProfit": 3391000000, "ebit": 1406000000, "operatingIncome": 1406000000, "otherOperatingExpenses": null, "interestExpense": -28000000, "extraordinaryItems": null, "nonRecurring": null, "otherItems": null, "incomeTaxExpense": 270000000, "totalRevenue": 3835000000, "totalOperatingExpenses": 2429000000, "costOfRevenue": 444000000, "totalOtherIncomeExpenseNet": -20000000, "discontinuedOperations": null, "netIncomeFromContinuingOps": 1116000000, "netIncomeApplicableToCommonShares": 1116000000, "investments": -12000000, "changeToLiabilities": 56000000, "totalCashflowsFromInvestingActivities": -107000000, "totalCashFromFinancingActivities": -1080000000, "changeToOperatingActivities": 271000000, "changeInCash": 798000000, "repurchaseOfStock": -1089000000, "effectOfExchangeRate": -3000000, "totalCashFromOperatingActivities": 1988000000, "depreciation": 194000000, "changeToAccountReceivables": 43000000, "otherCashflowsFromFinancingActivities": 9000000, "changeToNetincome": 363000000, "capitalExpenditures": -95000000}, "2021-03-05": {"intangibleAssets": 1729000000, "capitalSurplus": 7617000000, "totalLiab": 11439000000, "totalStockholderEquity": 13546000000, "otherCurrentLiab": 4347000000, "totalAssets": 24985000000, "otherCurrentAssets": 36000000, "retainedEarnings": 20521000000, "otherLiab": 1020000000, "goodWill": 11845000000, "treasuryStock": -14592000000, "otherAssets": 2020000000, "cash": 3452000000, "totalCurrentLiabilities": 5806000000, "deferredLongTermAssetCharges": 1262000000, "otherStockholderEquity": -141000000, "propertyPlantEquipment": 2007000000, "totalCurrentAssets": 7384000000, "netTangibleAssets": -28000000, "shortTermInvestments": 1511000000, "netReceivables": 1520000000, "longTermDebt": 4119000000, "accountsPayable": 254000000, "researchDevelopment": 620000000, "effectOfAccountingCharges": null, "incomeBeforeTax": 1433000000, "minorityInterest": null, "netIncome": 1261000000, "sellingGeneralAdministrative": 1339000000, "grossProfit": 3458000000, "ebit": 1454000000, "operatingIncome": 1454000000, "otherOperatingExpenses": null, "interestExpense": -30000000, "extraordinaryItems": null, "nonRecurring": null, "otherItems": null, "incomeTaxExpense": 172000000, "totalRevenue": 3905000000, "totalOperatingExpenses": 2451000000, "costOfRevenue": 447000000, "totalOtherIncomeExpenseNet": -21000000, "discontinuedOperations": null, "netIncomeFromContinuingOps": 1261000000, "netIncomeApplicableToCommonShares": 1261000000, "investments": -29000000, "changeToLiabilities": 412000000, "totalCashflowsFromInvestingActivities": -1558000000, "totalCashFromFinancingActivities": -1244000000, "changeToOperatingActivities": -442000000, "issuanceOfStock": 87000000, "changeInCash": -1026000000, "repurchaseOfStock": -1341000000, "effectOfExchangeRate": 4000000, "totalCashFromOperatingActivities": 1772000000, "depreciation": 196000000, "changeToAccountReceivables": -82000000, "otherCashflowsFromFinancingActivities": 10000000, "changeToNetincome": 398000000, "capitalExpenditures": -59000000}, "2020-11-27": {"intangibleAssets": 1359000000, "capitalSurplus": 7357000000, "totalLiab": 11020000000, "totalStockholderEquity": 13264000000, "deferredLongTermLiab": 352000000, "otherCurrentLiab": 3823000000, "totalAssets": 24284000000, "otherCurrentAssets": 193000000, "retainedEarnings": 19611000000, "otherLiab": 892000000, "goodWill": 10742000000, "treasuryStock": -13704000000, "otherAssets": 2033000000, "cash": 4478000000, "totalCurrentLiabilities": 5512000000, "deferredLongTermAssetCharges": 1370000000, "otherStockholderEquity": -158000000, "propertyPlantEquipment": 2004000000, "totalCurrentAssets": 8146000000, "netTangibleAssets": 1163000000, "shortTermInvestments": 1514000000, "netReceivables": 1398000000, "longTermDebt": 4117000000, "accountsPayable": 306000000, "researchDevelopment": 558000000, "effectOfAccountingCharges": null, "incomeBeforeTax": 1197000000, "minorityInterest": null, "netIncome": 2250000000, "sellingGeneralAdministrative": 1184000000, "grossProfit": 2996000000, "ebit": 1215000000, "operatingIncome": 1215000000, "otherOperatingExpenses": null, "interestExpense": -27000000, "extraordinaryItems": null, "nonRecurring": null, "otherItems": null, "incomeTaxExpense": -1053000000, "totalRevenue": 3424000000, "totalOperatingExpenses": 2209000000, "costOfRevenue": 428000000, "totalOtherIncomeExpenseNet": -18000000, "discontinuedOperations": null, "netIncomeFromContinuingOps": 2250000000, "netIncomeApplicableToCommonShares": 2250000000, "investments": -28000000, "changeToLiabilities": 387000000, "totalCashflowsFromInvestingActivities": -131000000, "totalCashFromFinancingActivities": -940000000, "changeToOperatingActivities": 94000000, "issuanceOfStock": 87000000, "changeInCash": 711000000, "repurchaseOfStock": -932000000, "effectOfExchangeRate": 4000000, "totalCashFromOperatingActivities": 1782000000, "depreciation": 4000000, "changeToAccountReceivables": -81000000, "otherCashflowsFromFinancingActivities": -8000000, "changeToNetincome": -966000000, "capitalExpenditures": -103000000}, "2020-08-28": {"intangibleAssets": 1445000000, "capitalSurplus": 7195000000, "totalLiab": 10701000000, "totalStockholderEquity": 11713000000, "otherCurrentLiab": 3614000000, "totalAssets": 22414000000, "otherCurrentAssets": 29000000, "retainedEarnings": 17383000000, "otherLiab": 935000000, "goodWill": 10739000000, "treasuryStock": -12865000000, "otherAssets": 869000000, "cash": 3767000000, "totalCurrentLiabilities": 5130000000, "deferredLongTermAssetCharges": 219000000, "otherStockholderEquity": -153000000, "propertyPlantEquipment": 1974000000, "totalCurrentAssets": 7387000000, "netTangibleAssets": -471000000, "shortTermInvestments": 1497000000, "netReceivables": 1318000000, "longTermDebt": 4116000000, "accountsPayable": 229000000, "researchDevelopment": 566000000, "effectOfAccountingCharges": null, "incomeBeforeTax": 1060000000, "minorityInterest": null, "netIncome": 955000000, "sellingGeneralAdministrative": 1122000000, "grossProfit": 2798000000, "ebit": 1069000000, "operatingIncome": 1069000000, "otherOperatingExpenses": null, "interestExpense": -28000000, "extraordinaryItems": null, "nonRecurring": null, "otherItems": null, "incomeTaxExpense": 105000000, "totalRevenue": 3225000000, "totalOperatingExpenses": 2156000000, "costOfRevenue": 427000000, "totalOtherIncomeExpenseNet": -9000000, "discontinuedOperations": null, "netIncomeFromContinuingOps": 955000000, "netIncomeApplicableToCommonShares": 955000000, "investments": -189000000, "changeToLiabilities": -73000000, "totalCashflowsFromInvestingActivities": -315000000, "totalCashFromFinancingActivities": -414000000, "changeToOperatingActivities": 65000000, "issuanceOfStock": 181000000, "changeInCash": 723000000, "repurchaseOfStock": -578000000, "effectOfExchangeRate": 16000000, "totalCashFromOperatingActivities": 1436000000, "depreciation": 191000000, "changeToAccountReceivables": 32000000, "otherCashflowsFromFinancingActivities": -17000000, "changeToNetincome": 248000000, "capitalExpenditures": -126000000}}, "AMZN": {"2021-06-30": {"capitalSurplus": 48724000000, "totalLiab": 245516000000, "totalStockholderEquity": 114803000000, "otherCurrentLiab": 10695000000, "totalAssets": 360319000000, "commonStock": 5000000, "otherCurrentAssets": 265000000, "retainedEarnings": 68436000000, "otherLiab": 21148000000, "goodWill": 15350000000, "treasuryStock": -2362000000, "otherAssets": 19973000000, "cash": 40380000000, "totalCurrentLiabilities": 117792000000, "shortLongTermDebt": 1290000000, "otherStockholderEquity": -525000000, "propertyPlantEquipment": 176848000000, "totalCurrentAssets": 140848000000, "longTermInvestments": 7300000000, "netTangibleAssets": 99453000000, "shortTermInvestments": 49514000000, "netReceivables": 26570000000, "longTermDebt": 50279000000, "inventory": 24119000000, "accountsPayable": 66090000000, "researchDevelopment": 11794000000, "effectOfAccountingCharges": null, "incomeBeforeTax": 8646000000, "minorityInterest": null, "netIncome": 7778000000, "sellingGeneralAdministrative": 29397000000, "grossProfit": 48904000000, "ebit": 7702000000, "operatingIncome": 7702000000, "otherOperatingExpenses": 11000000, "interestExpense": -435000000, "extraordinaryItems": null, "nonRecurring": null, "otherItems": null, "incomeTaxExpense": 868000000, "totalRevenue": 113080000000, "totalOperatingExpenses": 105378000000, "costOfRevenue": 64176000000, "totalOtherIncomeExpenseNet": 944000000, "discontinuedOperations": null, "netIncomeFromContinuingOps": 7778000000, "netIncomeApplicableToCommonShares": 7778000000, "investments": -8772000000, "changeToLiabilities": 203000000, "totalCashflowsFromInvestingActivities": -22080000000, "netBorrowings": 15643000000, "totalCashFromFinancingActivities": 15643000000, "changeToOperatingActivities": -1685000000, "changeInCash": 6512000000, "effectOfExchangeRate": 234000000, "totalCashFromOperatingActivities": 12715000000, "depreciation": 8038000000, "changeToInventory": -209000000, "changeToAccountReceivables": -4462000000, "changeToNetincome": 3052000000, "capitalExpenditures": -14288000000}, "2021-03-31": {"capitalSurplus": 45160000000, "totalLiab": 219757000000, "totalStockholderEquity": 103320000000, "otherCurrentLiab": 10539000000, "totalAssets": 323077000000, "commonStock": 5000000, "otherCurrentAssets": 299000000, "retainedEarnings": 60658000000, "otherLiab": 19418000000, "goodWill": 15220000000, "treasuryStock": -2503000000, "otherAssets": 18560000000, "cash": 33834000000, "totalCurrentLiabilities": 115404000000, "shortLongTermDebt": 1156000000, "otherStockholderEquity": -666000000, "propertyPlantEquipment": 160789000000, "totalCurrentAssets": 121408000000, "longTermInvestments": 7100000000, "netTangibleAssets": 88100000000, "shortTermInvestments": 39436000000, "netReceivables": 23990000000, "longTermDebt": 31868000000, "inventory": 23849000000, "accountsPayable": 63926000000, "researchDevelopment": 10584000000, "effectOfAccountingCharges": null, "incomeBeforeTax": 10263000000, "minorityInterest": null, "netIncome": 8107000000, "sellingGeneralAdministrative": 26628000000, "grossProfit": 46115000000, "ebit": 8865000000, "operatingIncome": 8865000000, "otherOperatingExpenses": 38000000, "interestExpense": -399000000, "extraordinaryItems": null, "nonRecurring": null, "otherItems": null, "incomeTaxExpense": 2156000000, "totalRevenue": 108518000000, "totalOperatingExpenses": 99653000000, "costOfRevenue": 62403000000, "totalOtherIncomeExpenseNet": 1398000000, "discontinuedOperations": null, "netIncomeFromContinuingOps": 8107000000, "netIncomeApplicableToCommonShares": 8107000000, "investments": 3151000000, "changeToLiabilities": -7366000000, "totalCashflowsFromInvestingActivities": -8666000000, "netBorrowings": -3476000000, "totalCashFromFinancingActivities": -3476000000, "changeToOperatingActivities": -4060000000, "changeInCash": -8222000000, "effectOfExchangeRate": -293000000, "totalCashFromOperatingActivities": 4213000000, "depreciation": 7508000000, "changeToInventory": -304000000, "changeToAccountReceivables": -2255000000, "changeToNetincome": 2583000000, "capitalExpenditures": -12082000000}, "2020-12-31": {"intangibleAssets": 4981000000, "capitalSurplus": 42865000000, "totalLiab": 227791000000, "totalStockholderEquity": 93404000000, "otherCurrentLiab": 15267000000, "totalAssets": 321195000000, "commonStock": 5000000, "otherCurrentAssets": 233000000, "retainedEarnings": 52551000000, "otherLiab": 17017000000, "goodWill": 15017000000, "treasuryStock": -2017000000, "otherAssets": 12097000000, "cash": 42122000000, "totalCurrentLiabilities": 126385000000, "shortLongTermDebt": 1155000000, "otherStockholderEquity": -180000000, "propertyPlantEquipment": 150667000000, "totalCurrentAssets": 132733000000, "longTermInvestments": 5700000000, "netTangibleAssets": 73406000000, "shortTermInvestments": 42274000000, "netReceivables": 24309000000, "longTermDebt": 31816000000, "inventory": 23795000000, "accountsPayable": 72539000000, "researchDevelopment": 16466000000, "effectOfAccountingCharges": null, "incomeBeforeTax": 7787000000, "minorityInterest": null, "netIncome": 7222000000, "sellingGeneralAdministrative": 23428000000, "grossProfit": 46271000000, "ebit": 6873000000, "operatingIncome": 6873000000, "otherOperatingExpenses": -496000000, "interestExpense": -414000000, "extraordinaryItems": null, "nonRecurring": null, "otherItems": null, "incomeTaxExpense": 565000000, "totalRevenue": 125555000000, "totalOperatingExpenses": 118682000000, "costOfRevenue": 79284000000, "totalOtherIncomeExpenseNet": 914000000, "discontinuedOperations": null, "netIncomeFromContinuingOps": 7222000000, "netIncomeApplicableToCommonShares": 7222000000, "investments": -3463000000, "changeToLiabilities": 13582000000, "totalCashflowsFromInvestingActivities": -17037000000, "netBorrowings": -1816000000, "totalCashFromFinancingActivities": -1816000000, "changeToOperatingActivities": 7129000000, "changeInCash": 12175000000, "effectOfExchangeRate": 597000000, "totalCashFromOperatingActivities": 30431000000, "depreciation": 7618000000, "changeToInventory": 329000000, "changeToAccountReceivables": -4561000000, "changeToNetincome": -888000000, "capitalExpenditures": -14823000000}, "2020-09-30": {"capitalSurplus": 40307000000, "totalLiab": 199404000000, "totalStockholderEquity": 82775000000, "otherCurrentLiab": 9251000000, "totalAssets": 282179000000, "commonStock": 5000000, "otherCurrentAssets": 239000000, "retainedEarnings": 45329000000, "otherLiab": 15974000000, "goodWill": 14960000000, "treasuryStock": -2866000000, "otherAssets": 16150000000, "cash": 29930000000, "totalCurrentLiabilities": 101912000000, "shortLongTermDebt": 155000000, "otherStockholderEquity": -1029000000, "propertyPlantEquipment": 134100000000, "totalCurrentAssets": 112969000000, "longTermInvestments": 4000000000, "netTangibleAssets": 67815000000, "shortTermInvestments": 38472000000, "netReceivables": 20593000000, "longTermDebt": 32929000000, "inventory": 23735000000, "accountsPayable": 58334000000, "researchDevelopment": 9334000000, "effectOfAccountingCharges": null, "incomeBeforeTax": 6900000000, "minorityInterest": null, "netIncome": 6331000000, "sellingGeneralAdministrative": 23449000000, "grossProfit": 39039000000, "ebit": 6194000000, "operatingIncome": 6194000000, "otherOperatingExpenses": 62000000, "interestExpense": -428000000, "extraordinaryItems": null, "nonRecurring": null, "otherItems": null, "incomeTaxExpense": 569000000, "totalRevenue": 96145000000, "totalOperatingExpenses": 89951000000, "costOfRevenue": 57106000000, "totalOtherIncomeExpenseNet": 706000000, "discontinuedOperations": null, "netIncomeFromContinuingOps": 6331000000, "netIncomeApplicableToCommonShares": 6331000000, "investments": -4333000000, "changeToLiabilities": 3736000000, "totalCashflowsFromInvestingActivities": -15876000000, "netBorrowings": -4105000000, "totalCashFromFinancingActivities": -4105000000, "changeToOperatingActivities": -310000000, "changeInCash": -7640000000, "effectOfExchangeRate": 377000000, "totalCashFromOperatingActivities": 11964000000, "depreciation": 6523000000, "changeToInventory": -3899000000, "changeToAccountReceivables": -2016000000, "changeToNetincome": 1599000000, "capitalExpenditures": -11063000000}}, "ASML": {"2021-07-04": {"intangibleAssets": 987700000, "totalLiab": 15722200000, "totalStockholderEquity": 12093300000, "otherCurrentLiab": 5541300000, "totalAssets": 27815500000, "commonStock": 12093300000, "otherCurrentAssets": 1073100000, "otherLiab": 2348200000, "goodWill": 4555500000, "otherAssets": 1733100000, "cash": 5186600000, "totalCurrentLiabilities": 8754100000, "deferredLongTermAssetCharges": 710500000, "shortLongTermDebt": 6800000, "propertyPlantEquipment": 2935100000, "totalCurrentAssets": 16739200000, "longTermInvestments": 864900000, "netTangibleAssets": 6550100000, "shortTermInvestments": 186700000, "netReceivables": 5206500000, "longTermDebt": 4619900000, "inventory": 5086300000, "accountsPayable": 1886800000, "researchDevelopment": 633800000, "effectOfAccountingCharges": null, "incomeBeforeTax": 1242400000, "minorityInterest": null, "netIncome": 1038200000, "sellingGeneralAdministrative": 171800000, "grossProfit": 2044600000, "ebit": 1239000000, "operatingIncome": 1239000000, "otherOperatingExpenses": null, "interestExpense": -9800000, "extraordinaryItems": null, "nonRecurring": null, "otherItems": null, "incomeTaxExpense": 204200000, "totalRevenue": 4020200000, "totalOperatingExpenses": 2781200000, "costOfRevenue": 1975600000, "totalOtherIncomeExpenseNet": 3400000, "discontinuedOperations": null, "netIncomeFromContinuingOps": 1038200000, "netIncomeApplicableToCommonShares": 1038200000, "investments": 1224900000, "changeToLiabilities": 0, "totalCashflowsFromInvestingActivities": 990400000, "netBorrowings": -3200000, "totalCashFromFinancingActivities": -2612600000, "changeToOperatingActivities": 2374800000, "issuanceOfStock": 13600000, "changeInCash": 1942800000, "repurchaseOfStock": -1983900000, "effectOfExchangeRate": -3900000, "totalCashFromOperatingActivities": 3568900000, "depreciation": 112700000, "dividendsPaid": -639100000, "changeToNetincome": 43200000, "capitalExpenditures": -241100000}, "2021-04-04": {"intangibleAssets": 1014200000, "totalLiab": 13589800000, "totalStockholderEquity": 13628900000, "otherCurrentLiab": 6876300000, "totalAssets": 27218700000, "commonStock": 13628900000, "otherCurrentAssets": 1081200000, "otherLiab": 2079300000, "goodWill": 4555500000, "otherAssets": 2080800000, "cash": 3243800000, "totalCurrentLiabilities": 6876300000, "deferredLongTermAssetCharges": 700800000, "propertyPlantEquipment": 2866100000, "totalCurrentAssets": 15859600000, "longTermInvestments": 842500000, "netTangibleAssets": 8059200000, "shortTermInvestments": 1411600000, "netReceivables": 5374900000, "longTermDebt": 4634200000, "inventory": 4748100000, "researchDevelopment": 623400000, "effectOfAccountingCharges": null, "incomeBeforeTax": 1561700000, "minorityInterest": null, "netIncome": 1331400000, "sellingGeneralAdministrative": 168400000, "grossProfit": 2352400000, "ebit": 1560600000, "operatingIncome": 1560600000, "otherOperatingExpenses": null, "interestExpense": -12100000, "extraordinaryItems": null, "nonRecurring": null, "otherItems": null, "incomeTaxExpense": 230300000, "totalRevenue": 4363900000, "totalOperatingExpenses": 2803300000, "costOfRevenue": 2011500000, "totalOtherIncomeExpenseNet": 1100000, "discontinuedOperations": null, "netIncomeFromContinuingOps": 1331400000, "netIncomeApplicableToCommonShares": 1331400000, "investments": -109400000, "changeToLiabilities": 0, "totalCashflowsFromInvestingActivities": -306700000, "netBorrowings": -3600000, "totalCashFromFinancingActivities": -1560200000, "changeToOperatingActivities": -2395300000, "issuanceOfStock": 11000000, "changeInCash": -2805600000, "repurchaseOfStock": -1567600000, "effectOfExchangeRate": 3000000, "totalCashFromOperatingActivities": -941700000, "depreciation": 117900000, "dividendsPaid": -639100000, "changeToNetincome": 4300000, "capitalExpenditures": -189400000}, "2020-12-31": {"intangibleAssets": 1048900000, "capitalSurplus": 3780100000, "totalLiab": 13402000000, "totalStockholderEquity": 13865400000, "otherCurrentLiab": 4084200000, "totalAssets": 27267400000, "commonStock": 37600000, "otherCurrentAssets": 360800000, "retainedEarnings": 10731500000, "otherLiab": 2005900000, "goodWill": 4629100000, "treasuryStock": -683800000, "otherAssets": 1899700000, "cash": 6049400000, "totalCurrentLiabilities": 6603500000, "deferredLongTermAssetCharges": 671500000, "shortLongTermDebt": 10700000, "otherStockholderEquity": 179400000, "propertyPlantEquipment": 2815200000, "totalCurrentAssets": 15930000000, "longTermInvestments": 944500000, "netTangibleAssets": 8187400000, "shortTermInvestments": 1302200000, "netReceivables": 3332900000, "longTermDebt": 4654700000, "inventory": 4569400000, "accountsPayable": 1377900000, "researchDevelopment": 555900000, "effectOfAccountingCharges": null, "incomeBeforeTax": 1520800000, "minorityInterest": null, "netIncome": 1350600000, "sellingGeneralAdministrative": 146100000, "grossProfit": 2211200000, "ebit": 1509200000, "operatingIncome": 1509200000, "otherOperatingExpenses": null, "interestExpense": -16400000, "extraordinaryItems": null, "nonRecurring": null, "otherItems": null, "incomeTaxExpense": 170200000, "totalRevenue": 4254200000, "totalOperatingExpenses": 2745000000, "costOfRevenue": 2043000000, "totalOtherIncomeExpenseNet": 11600000, "discontinuedOperations": null, "netIncomeFromContinuingOps": 1350600000, "netIncomeApplicableToCommonShares": 1350600000, "investments": -426000000, "changeToLiabilities": 334300000, "totalCashflowsFromInvestingActivities": -956100000, "netBorrowings": -700000, "totalCashFromFinancingActivities": -1194400000, "changeToOperatingActivities": 1390100000, "issuanceOfStock": 7900000, "changeInCash": 2517900000, "repurchaseOfStock": -700000000, "effectOfExchangeRate": -2000000, "totalCashFromOperatingActivities": 4670400000, "depreciation": 27700000, "dividendsPaid": -501600000, "changeToInventory": -706700000, "changeToAccountReceivables": 1925500000, "changeToNetincome": 119700000, "capitalExpenditures": -292900000}, "2020-09-27": {"intangibleAssets": 1035400000, "totalLiab": 11720900000, "totalStockholderEquity": 13742500000, "otherCurrentLiab": 4990900000, "totalAssets": 25463400000, "commonStock": 13742500000, "otherCurrentAssets": 772700000, "otherLiab": 2103300000, "goodWill": 4541100000, "otherAssets": 1921800000, "cash": 3531500000, "totalCurrentLiabilities": 4990900000, "deferredLongTermAssetCharges": 610700000, "propertyPlantEquipment": 2496300000, "totalCurrentAssets": 14550800000, "longTermInvestments": 918000000, "netTangibleAssets": 8166000000, "shortTermInvestments": 876300000, "netReceivables": 4756600000, "longTermDebt": 4626700000, "inventory": 4613700000, "researchDevelopment": 534000000, "effectOfAccountingCharges": null, "incomeBeforeTax": 1228000000, "minorityInterest": null, "netIncome": 1061500000, "sellingGeneralAdministrative": 131500000, "grossProfit": 1881400000, "ebit": 1215900000, "operatingIncome": 1215900000, "otherOperatingExpenses": null, "interestExpense": -8400000, "extraordinaryItems": null, "nonRecurring": null, "otherItems": null, "incomeTaxExpense": 166500000, "totalRevenue": 3958000000, "totalOperatingExpenses": 2742100000, "costOfRevenue": 2076600000, "totalOtherIncomeExpenseNet": 12100000, "discontinuedOperations": null, "netIncomeFromContinuingOps": 1061500000, "netIncomeApplicableToCommonShares": 1061500000, "investments": 65000000, "changeToLiabilities": 0, "totalCashflowsFromInvestingActivities": -166600000, "netBorrowings": -900000, "totalCashFromFinancingActivities": 9500000, "changeToOperatingActivities": -915300000, "issuanceOfStock": 10400000, "changeInCash": 32400000, "repurchaseOfStock": -700000000, "effectOfExchangeRate": -1600000, "totalCashFromOperatingActivities": 191100000, "depreciation": 122000000, "dividendsPaid": -501600000, "changeToInventory": -706700000, "changeToAccountReceivables": 1925500000, "changeToNetincome": -77100000, "capitalExpenditures": -212500000}}, "BA": {"2021-06-30": {"intangibleAssets": 2702000000, "capitalSurplus": 8481000000, "totalLiab": 165420000000, "totalStockholderEquity": -16682000000, "minorityInterest": 197000000, "otherCurrentLiab": 50773000000, "totalAssets": 148935000000, "commonStock": 5061000000, "otherCurrentAssets": 4187000000, "retainedEarnings": 38660000000, "otherLiab": 20171000000, "goodWill": 8076000000, "treasuryStock": -68884000000, "otherAssets": 4973000000, "cash": 8271000000, "totalCurrentLiabilities": 88224000000, "deferredLongTermAssetCharges": 84000000, "shortLongTermDebt": 6034000000, "otherStockholderEquity": -16661000000, "propertyPlantEquipment": 11341000000, "totalCurrentAssets": 119095000000, "longTermInvestments": 883000000, "netTangibleAssets": -27460000000, "shortTermInvestments": 13071000000, "netReceivables": 11693000000, "longTermDebt": 55818000000, "inventory": 81799000000, "accountsPayable": 11450000000, "researchDevelopment": 497000000, "effectOfAccountingCharges": null, "incomeBeforeTax": 549000000, "netIncome": 587000000, "sellingGeneralAdministrative": 860000000, "grossProfit": 2925000000, "ebit": 1568000000, "operatingIncome": 1568000000, "otherOperatingExpenses": null, "interestExpense": -673000000, "extraordinaryItems": null, "nonRecurring": null, "otherItems": null, "incomeTaxExpense": -18000000, "totalRevenue": 16998000000, "totalOperatingExpenses": 15430000000, "costOfRevenue": 14073000000, "totalOtherIncomeExpenseNet": -1019000000, "discontinuedOperations": null, "netIncomeFromContinuingOps": 567000000, "netIncomeApplicableToCommonShares": 587000000, "investments": 1831000000, "changeToLiabilities": -1386000000, "totalCashflowsFromInvestingActivities": 1659000000, "netBorrowings": -23000000, "totalCashFromFinancingActivities": -19000000, "changeToOperatingActivities": -1033000000, "issuanceOfStock": 6000000, "changeInCash": 1161000000, "repurchaseOfStock": -2000000, "effectOfExchangeRate": 4000000, "totalCashFromOperatingActivities": -483000000, "depreciation": 551000000, "otherCashflowsFromInvestingActivities": 1000000, "changeToInventory": 1093000000, "changeToAccountReceivables": -546000000, "changeToNetincome": 347000000, "capitalExpenditures": -222000000}, "2021-03-31": {"intangibleAssets": 2773000000, "capitalSurplus": 8155000000, "totalLiab": 167876000000, "totalStockholderEquity": -18058000000, "minorityInterest": 217000000, "otherCurrentLiab": 50970000000, "totalAssets": 150035000000, "commonStock": 5061000000, "otherCurrentAssets": 4123000000, "retainedEarnings": 38073000000, "otherLiab": 20430000000, "goodWill": 8074000000, "treasuryStock": -69347000000, "otherAssets": 4725000000, "cash": 7059000000, "totalCurrentLiabilities": 89892000000, "deferredLongTermAssetCharges": 79000000, "shortLongTermDebt": 5121000000, "otherStockholderEquity": -16952000000, "propertyPlantEquipment": 11643000000, "totalCurrentAssets": 119945000000, "longTermInvestments": 980000000, "netTangibleAssets": -28905000000, "shortTermInvestments": 14861000000, "netReceivables": 11141000000, "longTermDebt": 56814000000, "inventory": 82668000000, "accountsPayable": 12410000000, "researchDevelopment": 499000000, "effectOfAccountingCharges": null, "incomeBeforeTax": -572000000, "netIncome": -537000000, "sellingGeneralAdministrative": 850000000, "grossProfit": 1977000000, "ebit": 628000000, "operatingIncome": 628000000, "otherOperatingExpenses": null, "interestExpense": -679000000, "extraordinaryItems": null, "nonRecurring": null, "otherItems": null, "incomeTaxExpense": -11000000, "totalRevenue": 15217000000, "totalOperatingExpenses": 14589000000, "costOfRevenue": 13240000000, "totalOtherIncomeExpenseNet": -1200000000, "discontinuedOperations": null, "netIncomeFromContinuingOps": -561000000, "netIncomeApplicableToCommonShares": -537000000, "investments": 3050000000, "changeToLiabilities": -398000000, "totalCashflowsFromInvestingActivities": 2764000000, "netBorrowings": -33000000, "totalCashFromFinancingActivities": -48000000, "changeToOperatingActivities": -1742000000, "issuanceOfStock": 23000000, "changeInCash": -689000000, "repurchaseOfStock": -38000000, "effectOfExchangeRate": -18000000, "totalCashFromOperatingActivities": -3387000000, "depreciation": 536000000, "otherCashflowsFromInvestingActivities": 3000000, "changeToInventory": -680000000, "changeToAccountReceivables": -1184000000, "changeToNetincome": 652000000, "capitalExpenditures": -291000000}, "2020-12-31": {"intangibleAssets": 2843000000, "capitalSurplus": 7787000000, "totalLiab": 170211000000, "totalStockholderEquity": -18316000000, "minorityInterest": 241000000, "otherCurrentLiab": 60252000000, "totalAssets": 152136000000, "commonStock": 5061000000, "otherCurrentAssets": 4286000000, "retainedEarnings": 38610000000, "otherLiab": 19957000000, "goodWill": 8081000000, "treasuryStock": -69774000000, "otherAssets": 3546000000, "cash": 7752000000, "totalCurrentLiabilities": 87280000000, "deferredLongTermAssetCharges": 86000000, "shortLongTermDebt": 793000000, "otherStockholderEquity": -17133000000, "propertyPlantEquipment": 13072000000, "totalCurrentAssets": 121642000000, "longTermInvestments": 1016000000, "netTangibleAssets": -29240000000, "shortTermInvestments": 17838000000, "netReceivables": 9950000000, "longTermDebt": 60987000000, "inventory": 81715000000, "accountsPayable": 12928000000, "researchDevelopment": 605000000, "effectOfAccountingCharges": null, "incomeBeforeTax": -8625000000, "netIncome": -8420000000, "sellingGeneralAdministrative": 1722000000, "grossProfit": -4062000000, "ebit": -6389000000, "operatingIncome": -6389000000, "otherOperatingExpenses": null, "interestExpense": -698000000, "extraordinaryItems": null, "nonRecurring": null, "otherItems": null, "incomeTaxExpense": -186000000, "totalRevenue": 15304000000, "totalOperatingExpenses": 21693000000, "costOfRevenue": 19366000000, "totalOtherIncomeExpenseNet": -2236000000, "discontinuedOperations": null, "netIncomeFromContinuingOps": -8439000000, "netIncomeApplicableToCommonShares": -8420000000, "investments": -1267000000, "changeToLiabilities": -3548000000, "totalCashflowsFromInvestingActivities": -1543000000, "netBorrowings": 2680000000, "totalCashFromFinancingActivities": 2681000000, "changeToOperatingActivities": -140000000, "issuanceOfStock": 5000000, "changeInCash": -2812000000, "repurchaseOfStock": -4000000, "effectOfExchangeRate": 59000000, "totalCashFromOperatingActivities": -4009000000, "depreciation": 578000000, "otherCashflowsFromInvestingActivities": -32000000, "changeToInventory": -1349000000, "changeToAccountReceivables": 1647000000, "changeToNetincome": 7395000000, "capitalExpenditures": -265000000}, "2020-09-30": {"intangibleAssets": 2941000000, "capitalSurplus": 6687000000, "totalLiab": 172814000000, "totalStockholderEquity": -11821000000, "minorityInterest": 268000000, "otherCurrentLiab": 52181000000, "totalAssets": 161261000000, "commonStock": 5061000000, "otherCurrentAssets": 5213000000, "retainedEarnings": 47029000000, "otherLiab": 23182000000, "goodWill": 8071000000, "treasuryStock": -70598000000, "otherAssets": 4206000000, "cash": 10564000000, "totalCurrentLiabilities": 92307000000, "deferredLongTermAssetCharges": 704000000, "shortLongTermDebt": 2734000000, "otherStockholderEquity": -15779000000, "propertyPlantEquipment": 11969000000, "totalCurrentAssets": 131012000000, "longTermInvestments": 1052000000, "netTangibleAssets": -22833000000, "shortTermInvestments": 16552000000, "netReceivables": 11622000000, "longTermDebt": 56106000000, "inventory": 86961000000, "accountsPayable": 14479000000, "researchDevelopment": 574000000, "effectOfAccountingCharges": null, "incomeBeforeTax": -925000000, "netIncome": -449000000, "sellingGeneralAdministrative": 881000000, "grossProfit": 1952000000, "ebit": 497000000, "operatingIncome": 497000000, "otherOperatingExpenses": null, "interestExpense": -643000000, "extraordinaryItems": null, "nonRecurring": null, "otherItems": null, "incomeTaxExpense": -459000000, "totalRevenue": 14139000000, "totalOperatingExpenses": 13642000000, "costOfRevenue": 12187000000, "totalOtherIncomeExpenseNet": -1422000000, "discontinuedOperations": null, "netIncomeFromContinuingOps": -466000000, "netIncomeApplicableToCommonShares": -449000000, "investments": -4060000000, "changeToLiabilities": -1516000000, "totalCashflowsFromInvestingActivities": -4137000000, "netBorrowings": -467000000, "totalCashFromFinancingActivities": -468000000, "changeToOperatingActivities": 188000000, "issuanceOfStock": 4000000, "changeInCash": -9387000000, "repurchaseOfStock": -5000000, "effectOfExchangeRate": 37000000, "totalCashFromOperatingActivities": -4819000000, "depreciation": 565000000, "otherCashflowsFromInvestingActivities": 6000000, "changeToInventory": -2912000000, "changeToAccountReceivables": -247000000, "changeToNetincome": 62000000, "capitalExpenditures": -262000000}}, "BABA": {"2021-06-30": {"intangibleAssets": 67398000000, "capitalSurplus": 397118000000, "totalLiab": 604958000000, "totalStockholderEquity": 975503000000, "minorityInterest": 134751000000, "otherCurrentLiab": 100792000000, "totalAssets": 1715212000000, "commonStock": 1000000, "otherCurrentAssets": 163785000000, "retainedEarnings": 600963000000, "otherLiab": 72532000000, "goodWill": 292523000000, "treasuryStock": -22579000000, "otherAssets": 101005000000, "cash": 291809000000, "totalCurrentLiabilities": 368199000000, "shortLongTermDebt": 9675000000, "otherStockholderEquity": -22579000000, "propertyPlantEquipment": 152606000000, "totalCurrentAssets": 647137000000, "longTermInvestments": 454543000000, "netTangibleAssets": 615582000000, "shortTermInvestments": 191543000000, "longTermDebt": 133599000000, "researchDevelopment": 13519000000, "effectOfAccountingCharges": null, "incomeBeforeTax": 51931000000, "netIncome": 45068000000, "sellingGeneralAdministrative": 34204000000, "grossProfit": 81643000000, "ebit": 30847000000, "operatingIncome": 30847000000, "otherOperatingExpenses": null, "interestExpense": -1267000000, "extraordinaryItems": null, "nonRecurring": null, "otherItems": null, "incomeTaxExpense": 9096000000, "totalRevenue": 205740000000, "totalOperatingExpenses": 174893000000, "costOfRevenue": 124097000000, "totalOtherIncomeExpenseNet": 21084000000, "discontinuedOperations": null, "netIncomeFromContinuingOps": 42835000000, "netIncomeApplicableToCommonShares": 45141000000, "investments": -35117000000, "changeToLiabilities": 0, "totalCashflowsFromInvestingActivities": -47775000000, "totalCashFromFinancingActivities": -11468000000, "changeInCash": -27832000000, "effectOfExchangeRate": -2192000000, "totalCashFromOperatingActivities": 33603000000, "depreciation": 9970000000, "otherCashflowsFromInvestingActivities": -140000000, "otherCashflowsFromFinancingActivities": -11468000000, "changeToNetincome": -21435000000, "capitalExpenditures": -12518000000}, "2021-03-31": {"intangibleAssets": 70833000000, "capitalSurplus": 394308000000, "totalLiab": 615257000000, "totalStockholderEquity": 937470000000, "minorityInterest": 137491000000, "otherCurrentLiab": 232691000000, "totalAssets": 1690218000000, "commonStock": 1000000, "otherCurrentAssets": 56602000000, "retainedEarnings": 562271000000, "otherLiab": 73966000000, "goodWill": 292771000000, "treasuryStock": -19110000000, "otherAssets": 26392000000, "cash": 321262000000, "totalCurrentLiabilities": 377358000000, "deferredLongTermAssetCharges": 11041000000, "shortLongTermDebt": 9831000000, "otherStockholderEquity": -19110000000, "propertyPlantEquipment": 219452000000, "totalCurrentAssets": 643360000000, "longTermInvestments": 437410000000, "netTangibleAssets": 573866000000, "shortTermInvestments": 162183000000, "netReceivables": 56923000000, "longTermDebt": 135716000000, "inventory": 27858000000, "accountsPayable": 94368000000, "researchDevelopment": 13302000000, "effectOfAccountingCharges": null, "incomeBeforeTax": -605000000, "netIncome": -5366000000, "sellingGeneralAdministrative": 34659000000, "grossProfit": 63629000000, "ebit": 12253000000, "operatingIncome": 12253000000, "otherOperatingExpenses": null, "interestExpense": -1160000000, "extraordinaryItems": null, "nonRecurring": null, "otherItems": null, "incomeTaxExpense": 7049000000, "totalRevenue": 187395000000, "totalOperatingExpenses": 175142000000, "costOfRevenue": 123766000000, "totalOtherIncomeExpenseNet": -12858000000, "discontinuedOperations": null, "netIncomeFromContinuingOps": -7654000000, "netIncomeApplicableToCommonShares": -5479000000, "investments": -181183000000, "changeToLiabilities": 14162000000, "totalCashflowsFromInvestingActivities": -27701000000, "netBorrowings": 31349000000, "totalCashFromFinancingActivities": 30270000000, "changeToOperatingActivities": 32320000000, "issuanceOfStock": 175000000, "changeInCash": 27901000000, "repurchaseOfStock": -773000000, "effectOfExchangeRate": 1149000000, "totalCashFromOperatingActivities": 24183000000, "depreciation": 19794000000, "otherCashflowsFromInvestingActivities": 215561000000, "otherCashflowsFromFinancingActivities": -481000000, "changeToNetincome": -40753000000, "capitalExpenditures": -41450000000}, "2020-12-31": {"intangibleAssets": 73940000000, "capitalSurplus": 388755000000, "totalLiab": 561355000000, "totalStockholderEquity": 937061000000, "minorityInterest": 136850000000, "otherCurrentLiab": 118203000000, "totalAssets": 1635266000000, "commonStock": 1000000, "otherCurrentAssets": 135565000000, "retainedEarnings": 568331000000, "otherLiab": 70197000000, "goodWill": 293393000000, "treasuryStock": -20026000000, "otherAssets": 97357000000, "cash": 312137000000, "totalCurrentLiabilities": 358160000000, "shortLongTermDebt": 9775000000, "otherStockholderEquity": -19253000000, "propertyPlantEquipment": 147082000000, "totalCurrentAssets": 597726000000, "longTermInvestments": 425768000000, "netTangibleAssets": 569728000000, "shortTermInvestments": 150024000000, "longTermDebt": 102652000000, "researchDevelopment": 13607000000, "effectOfAccountingCharges": null, "incomeBeforeTax": 87171000000, "netIncome": 79535000000, "sellingGeneralAdministrative": 34035000000, "grossProfit": 99816000000, "ebit": 49002000000, "operatingIncome": 49002000000, "otherOperatingExpenses": null, "interestExpense": -1092000000, "extraordinaryItems": null, "nonRecurring": null, "otherItems": null, "incomeTaxExpense": 9194000000, "totalRevenue": 221084000000, "totalOperatingExpenses": 172082000000, "costOfRevenue": 121268000000, "totalOtherIncomeExpenseNet": 38169000000, "discontinuedOperations": null, "netIncomeFromContinuingOps": 77977000000, "netIncomeApplicableToCommonShares": 79427000000, "investments": -75285000000, "changeToLiabilities": 0, "totalCashflowsFromInvestingActivities": -79712000000, "netBorrowings": 31349000000, "totalCashFromFinancingActivities": -5685000000, "changeToOperatingActivities": 32320000000, "issuanceOfStock": 175000000, "changeInCash": 13679000000, "repurchaseOfStock": -773000000, "effectOfExchangeRate": -4132000000, "totalCashFromOperatingActivities": 103208000000, "depreciation": 10299000000, "otherCashflowsFromInvestingActivities": 1417000000, "otherCashflowsFromFinancingActivities": -5685000000, "changeToNetincome": 13374000000, "capitalExpenditures": -5844000000}, "2020-09-30": {"intangibleAssets": 56378000000, "capitalSurplus": 377769000000, "totalLiab": 460436000000, "totalStockholderEquity": 857403000000, "minorityInterest": 115787000000, "otherCurrentLiab": 79702000000, "totalAssets": 1433626000000, "commonStock": 1000000, "otherCurrentAssets": 112232000000, "retainedEarnings": 488796000000, "otherLiab": 58602000000, "goodWill": 276172000000, "treasuryStock": -9163000000, "otherAssets": 61521000000, "cash": 301509000000, "totalCurrentLiabilities": 262942000000, "otherStockholderEquity": -9163000000, "propertyPlantEquipment": 118037000000, "totalCurrentAssets": 522935000000, "longTermInvestments": 398583000000, "netTangibleAssets": 524853000000, "shortTermInvestments": 109194000000, "longTermDebt": 116885000000, "researchDevelopment": 19245000000, "effectOfAccountingCharges": null, "incomeBeforeTax": 28435000000, "netIncome": 28876000000, "sellingGeneralAdministrative": 29332000000, "grossProfit": 65099000000, "ebit": 13634000000, "operatingIncome": 13634000000, "otherOperatingExpenses": null, "interestExpense": -1101000000, "extraordinaryItems": null, "nonRecurring": null, "otherItems": null, "incomeTaxExpense": 1911000000, "totalRevenue": 155059000000, "totalOperatingExpenses": 141425000000, "costOfRevenue": 89960000000, "totalOtherIncomeExpenseNet": 14801000000, "discontinuedOperations": null, "netIncomeFromContinuingOps": 26524000000, "netIncomeApplicableToCommonShares": 28769000000, "investments": -55408000000, "changeToLiabilities": 0, "totalCashflowsFromInvestingActivities": -69053000000, "netBorrowings": 31349000000, "totalCashFromFinancingActivities": 10106000000, "changeToOperatingActivities": 32320000000, "issuanceOfStock": 175000000, "changeInCash": -8504000000, "repurchaseOfStock": -773000000, "effectOfExchangeRate": -3853000000, "totalCashFromOperatingActivities": 54296000000, "depreciation": 9197000000, "otherCashflowsFromInvestingActivities": 635000000, "otherCashflowsFromFinancingActivities": 10106000000, "changeToNetincome": 16223000000, "capitalExpenditures": -14280000000}}, "BAC": {"2021-06-30": {"totalLiab": 2752775000000, "totalStockholderEquity": 253678000000, "otherCurrentLiab": 110084000000, "totalAssets": 3029894000000, "commonStock": 79242000000, "otherCurrentAssets": 130845000000, "retainedEarnings": 177499000000, "otherLiab": 9352000000, "goodWill": 69023000000, "treasuryStock": -3063000000, "otherAssets": 1051676000000, "cash": 254030000000, "totalCurrentLiabilities": 2466793000000, "shortLongTermDebt": 8627000000, "otherStockholderEquity": -3063000000, "propertyPlantEquipment": 10747000000, "totalCurrentAssets": 944048000000, "longTermInvestments": 954400000000, "netTangibleAssets": 184655000000, "shortTermInvestments": 274450000000, "netReceivables": 65667000000, "longTermDebt": 265977000000, "inventory": 93000000, "accountsPayable": 1909142000000, "researchDevelopment": null, "effectOfAccountingCharges": null, "incomeBeforeTax": 8042000000, "minorityInterest": null, "netIncome": 9224000000, "sellingGeneralAdministrative": 13096000000, "grossProfit": 23087000000, "ebit": 0, "operatingIncome": 8042000000, "otherOperatingExpenses": 1949000000, "interestExpense": null, "extraordinaryItems": null, "nonRecurring": null, "otherItems": null, "incomeTaxExpense": -1182000000, "totalRevenue": 23087000000, "totalOperatingExpenses": 15045000000, "costOfRevenue": 0, "totalOtherIncomeExpenseNet": 0, "discontinuedOperations": null, "netIncomeFromContinuingOps": 9224000000, "netIncomeApplicableToCommonShares": 8964000000, "investments": -82021000000, "changeToLiabilities": 0, "totalCashflowsFromInvestingActivities": -108606000000, "netBorrowings": 34051000000, "totalCashFromFinancingActivities": 51320000000, "changeToOperatingActivities": -17105000000, "changeInCash": -66071000000, "repurchaseOfStock": -4209000000, "effectOfExchangeRate": 526000000, "totalCashFromOperatingActivities": -9311000000, "depreciation": 469000000, "otherCashflowsFromInvestingActivities": -10329000000, "dividendsPaid": -1831000000, "otherCashflowsFromFinancingActivities": 24187000000, "changeToNetincome": -1899000000}, "2021-03-31": {"totalLiab": 2695992000000, "totalStockholderEquity": 249681000000, "otherCurrentLiab": 102788000000, "totalAssets": 2969992000000, "commonStock": 83071000000, "otherCurrentAssets": 118840000000, "retainedEarnings": 170082000000, "otherLiab": 8545000000, "goodWill": 68951000000, "treasuryStock": -3472000000, "otherAssets": 1030791000000, "cash": 319601000000, "totalCurrentLiabilities": 2441527000000, "shortLongTermDebt": 15566000000, "otherStockholderEquity": -3472000000, "propertyPlantEquipment": 10803000000, "totalCurrentAssets": 988722000000, "longTermInvestments": 870725000000, "netTangibleAssets": 180730000000, "shortTermInvestments": 265406000000, "netReceivables": 66404000000, "longTermDebt": 235645000000, "inventory": 137000000, "accountsPayable": 1884938000000, "researchDevelopment": null, "effectOfAccountingCharges": null, "incomeBeforeTax": 9166000000, "minorityInterest": null, "netIncome": 8050000000, "sellingGeneralAdministrative": 13765000000, "grossProfit": 24681000000, "ebit": 0, "operatingIncome": 9166000000, "otherOperatingExpenses": 1750000000, "interestExpense": null, "extraordinaryItems": null, "nonRecurring": null, "otherItems": null, "incomeTaxExpense": 1116000000, "totalRevenue": 24681000000, "totalOperatingExpenses": 15515000000, "costOfRevenue": 0, "totalOtherIncomeExpenseNet": 0, "discontinuedOperations": null, "netIncomeFromContinuingOps": 8050000000, "netIncomeApplicableToCommonShares": 7560000000, "investments": -181019000000, "changeToLiabilities": 0, "totalCashflowsFromInvestingActivities": -113080000000, "netBorrowings": 30664000000, "totalCashFromFinancingActivities": 113627000000, "changeToOperatingActivities": -65047000000, "changeInCash": -54362000000, "repurchaseOfStock": -3470000000, "effectOfExchangeRate": -2581000000, "totalCashFromOperatingActivities": -52328000000, "depreciation": 461000000, "otherCashflowsFromInvestingActivities": 44144000000, "dividendsPaid": -2114000000, "otherCashflowsFromFinancingActivities": 88738000000, "changeToNetincome": 4208000000}, "2020-12-31": {"totalLiab": 2546703000000, "totalStockholderEquity": 248414000000, "otherCurrentLiab": 71320000000, "totalAssets": 2819627000000, "commonStock": 85982000000, "otherCurrentAssets": 107753000000, "retainedEarnings": 164088000000, "otherLiab": 11117000000, "goodWill": 68951000000, "treasuryStock": -1656000000, "otherAssets": 1031889000000, "cash": 373463000000, "totalCurrentLiabilities": 2284457000000, "deferredLongTermAssetCharges": 7447000000, "shortLongTermDebt": 20352000000, "otherStockholderEquity": -1656000000, "propertyPlantEquipment": 11000000000, "totalCurrentAssets": 1009128000000, "longTermInvestments": 698659000000, "netTangibleAssets": 179463000000, "shortTermInvestments": 309004000000, "netReceivables": 64221000000, "longTermDebt": 242582000000, "inventory": 164000000, "accountsPayable": 1795480000000, "researchDevelopment": null, "effectOfAccountingCharges": null, "incomeBeforeTax": 6119000000, "minorityInterest": null, "netIncome": 5470000000, "sellingGeneralAdministrative": 12395000000, "grossProfit": 20046000000, "ebit": 0, "operatingIncome": 6119000000, "otherOperatingExpenses": 1532000000, "interestExpense": null, "extraordinaryItems": null, "nonRecurring": null, "otherItems": null, "incomeTaxExpense": 649000000, "totalRevenue": 20046000000, "totalOperatingExpenses": 13927000000, "costOfRevenue": 0, "totalOtherIncomeExpenseNet": 0, "discontinuedOperations": null, "netIncomeFromContinuingOps": 5470000000, "netIncomeApplicableToCommonShares": 5208000000, "investments": -102367000000, "changeToLiabilities": 0, "totalCashflowsFromInvestingActivities": -53882000000, "netBorrowings": -13656000000, "totalCashFromFinancingActivities": 77938000000, "changeToOperatingActivities": 49750000000, "changeInCash": 79457000000, "repurchaseOfStock": -263000000, "effectOfExchangeRate": 807000000, "totalCashFromOperatingActivities": 54594000000, "depreciation": 487000000, "otherCashflowsFromInvestingActivities": 21671000000, "dividendsPaid": -1828000000, "otherCashflowsFromFinancingActivities": 92602000000, "changeToNetincome": -1113000000}, "2020-09-30": {"totalLiab": 2469602000000, "totalStockholderEquity": 245423000000, "otherCurrentLiab": 84681000000, "totalAssets": 2738452000000, "commonStock": 85954000000, "otherCurrentAssets": 121632000000, "retainedEarnings": 160447000000, "otherLiab": 3449000000, "goodWill": 68951000000, "treasuryStock": -978000000, "otherAssets": 1063643000000, "cash": 294506000000, "totalCurrentLiabilities": 2205592000000, "shortLongTermDebt": 5462000000, "otherStockholderEquity": -978000000, "propertyPlantEquipment": 10902000000, "totalCurrentAssets": 998504000000, "longTermInvestments": 596452000000, "netTangibleAssets": 176472000000, "shortTermInvestments": 331448000000, "netReceivables": 61684000000, "longTermDebt": 250261000000, "inventory": 135000000, "accountsPayable": 1702880000000, "researchDevelopment": null, "effectOfAccountingCharges": null, "incomeBeforeTax": 4546000000, "minorityInterest": null, "netIncome": 4881000000, "sellingGeneralAdministrative": 12089000000, "grossProfit": 18947000000, "ebit": 0, "operatingIncome": 4546000000, "otherOperatingExpenses": 2312000000, "interestExpense": null, "extraordinaryItems": null, "nonRecurring": null, "otherItems": null, "incomeTaxExpense": -335000000, "totalRevenue": 18947000000, "totalOperatingExpenses": 14401000000, "costOfRevenue": 0, "totalOtherIncomeExpenseNet": 0, "discontinuedOperations": null, "netIncomeFromContinuingOps": 4881000000, "netIncomeApplicableToCommonShares": 4440000000, "investments": -111758000000, "changeToLiabilities": 0, "totalCashflowsFromInvestingActivities": 54977000000, "netBorrowings": 5515000000, "totalCashFromFinancingActivities": -12398000000, "changeToOperatingActivities": -42455000000, "changeInCash": 11660000000, "repurchaseOfStock": -114000000, "effectOfExchangeRate": 1719000000, "totalCashFromOperatingActivities": -32638000000, "depreciation": 476000000, "otherCashflowsFromInvestingActivities": 123947000000, "dividendsPaid": -1983000000, "otherCashflowsFromFinancingActivities": -15816000000, "changeToNetincome": 4460000000}}, "CLX": {"2021-06-30": {"intangibleAssets": 918000000, "capitalSurplus": 1186000000, "totalLiab": 5742000000, "totalStockholderEquity": 411000000, "minorityInterest": 181000000, "otherCurrentLiab": 294000000, "totalAssets": 6334000000, "commonStock": 131000000, "otherCurrentAssets": 9000000, "retainedEarnings": 1036000000, "otherLiab": 886000000, "goodWill": 1575000000, "treasuryStock": -1942000000, "otherAssets": 280000000, "cash": 319000000, "totalCurrentLiabilities": 2056000000, "shortLongTermDebt": 300000000, "otherStockholderEquity": -546000000, "propertyPlantEquipment": 1653000000, "totalCurrentAssets": 1829000000, "longTermInvestments": 79000000, "netTangibleAssets": -2082000000, "netReceivables": 604000000, "longTermDebt": 2484000000, "inventory": 752000000, "accountsPayable": 930000000, "researchDevelopment": 45000000, "effectOfAccountingCharges": null, "incomeBeforeTax": 101000000, "netIncome": 97000000, "sellingGeneralAdministrative": 491000000, "grossProfit": 668000000, "ebit": 101000000, "operatingIncome": 101000000, "otherOperatingExpenses": 31000000, "interestExpense": -25000000, "extraordinaryItems": null, "nonRecurring": null, "otherItems": null, "incomeTaxExpense": 1000000, "totalRevenue": 1802000000, "totalOperatingExpenses": 1701000000, "costOfRevenue": 1134000000, "totalOtherIncomeExpenseNet": 0, "discontinuedOperations": null, "netIncomeFromContinuingOps": 100000000, "netIncomeApplicableToCommonShares": 97000000, "changeToLiabilities": 217000000, "totalCashflowsFromInvestingActivities": -111000000, "totalCashFromFinancingActivities": -447000000, "changeToOperatingActivities": -2000000, "issuanceOfStock": 4000000, "changeInCash": -173000000, "repurchaseOfStock": -300000000, "effectOfExchangeRate": 2000000, "totalCashFromOperatingActivities": 383000000, "depreciation": 48000000, "otherCashflowsFromInvestingActivities": -12000000, "dividendsPaid": -138000000, "changeToInventory": -62000000, "changeToAccountReceivables": 36000000, "otherCashflowsFromFinancingActivities": -13000000, "changeToNetincome": 53000000, "capitalExpenditures": -99000000}, "2021-03-31": {"intangibleAssets": 940000000, "capitalSurplus": 1190000000, "totalLiab": 5503000000, "totalStockholderEquity": 743000000, "minorityInterest": 195000000, "otherCurrentLiab": 1000000, "totalAssets": 6441000000, "commonStock": 131000000, "otherCurrentAssets": 5000000, "retainedEarnings": 1086000000, "otherLiab": 896000000, "goodWill": 1574000000, "treasuryStock": -1664000000, "otherAssets": 349000000, "cash": 492000000, "totalCurrentLiabilities": 1819000000, "shortLongTermDebt": 300000000, "otherStockholderEquity": -553000000, "propertyPlantEquipment": 1579000000, "totalCurrentAssets": 1962000000, "longTermInvestments": 37000000, "netTangibleAssets": -1771000000, "netReceivables": 643000000, "longTermDebt": 2483000000, "inventory": 688000000, "accountsPayable": 1444000000, "researchDevelopment": 32000000, "effectOfAccountingCharges": null, "incomeBeforeTax": -59000000, "netIncome": -61000000, "sellingGeneralAdministrative": 440000000, "grossProfit": 774000000, "ebit": 295000000, "operatingIncome": 295000000, "otherOperatingExpenses": 7000000, "interestExpense": -25000000, "extraordinaryItems": null, "nonRecurring": null, "otherItems": null, "incomeTaxExpense": 0, "totalRevenue": 1781000000, "totalOperatingExpenses": 1486000000, "costOfRevenue": 1007000000, "totalOtherIncomeExpenseNet": -354000000, "discontinuedOperations": null, "netIncomeFromContinuingOps": -59000000, "netIncomeApplicableToCommonShares": -61000000, "changeToLiabilities": 71000000, "totalCashflowsFromInvestingActivities": -83000000, "totalCashFromFinancingActivities": -420000000, "changeToOperatingActivities": -13000000, "issuanceOfStock": 25000000, "changeInCash": -240000000, "repurchaseOfStock": -305000000, "effectOfExchangeRate": -1000000, "totalCashFromOperatingActivities": 264000000, "depreciation": 53000000, "otherCashflowsFromInvestingActivities": -2000000, "dividendsPaid": -140000000, "changeToInventory": -80000000, "changeToAccountReceivables": -26000000, "otherCashflowsFromFinancingActivities": -13000000, "changeToNetincome": 298000000, "capitalExpenditures": -81000000}, "2020-12-31": {"intangibleAssets": 1049000000, "capitalSurplus": 1176000000, "totalLiab": 5475000000, "totalStockholderEquity": 1184000000, "minorityInterest": 196000000, "otherCurrentLiab": 4000000, "totalAssets": 6855000000, "commonStock": 131000000, "otherCurrentAssets": 6000000, "retainedEarnings": 1302000000, "otherLiab": 941000000, "goodWill": 1803000000, "treasuryStock": -1425000000, "otherAssets": 346000000, "cash": 732000000, "totalCurrentLiabilities": 1738000000, "shortLongTermDebt": 300000000, "otherStockholderEquity": -575000000, "propertyPlantEquipment": 1543000000, "totalCurrentAssets": 2103000000, "longTermInvestments": 11000000, "netTangibleAssets": -1668000000, "netReceivables": 616000000, "longTermDebt": 2483000000, "inventory": 609000000, "accountsPayable": 1373000000, "researchDevelopment": 40000000, "effectOfAccountingCharges": null, "incomeBeforeTax": 332000000, "netIncome": 259000000, "sellingGeneralAdministrative": 458000000, "grossProfit": 837000000, "ebit": 356000000, "operatingIncome": 356000000, "otherOperatingExpenses": -17000000, "interestExpense": -24000000, "extraordinaryItems": null, "nonRecurring": null, "otherItems": null, "incomeTaxExpense": 71000000, "totalRevenue": 1842000000, "totalOperatingExpenses": 1486000000, "costOfRevenue": 1005000000, "totalOtherIncomeExpenseNet": -24000000, "discontinuedOperations": null, "netIncomeFromContinuingOps": 261000000, "netIncomeApplicableToCommonShares": 259000000, "changeToLiabilities": 3000000, "totalCashflowsFromInvestingActivities": -107000000, "totalCashFromFinancingActivities": -277000000, "changeToOperatingActivities": 2000000, "issuanceOfStock": 74000000, "changeInCash": -130000000, "repurchaseOfStock": -200000000, "effectOfExchangeRate": 8000000, "totalCashFromOperatingActivities": 246000000, "depreciation": 53000000, "otherCashflowsFromInvestingActivities": -25000000, "dividendsPaid": -140000000, "changeToInventory": -70000000, "changeToAccountReceivables": 80000000, "otherCashflowsFromFinancingActivities": -11000000, "changeToNetincome": 51000000, "capitalExpenditures": -82000000}, "2020-09-30": {"intangibleAssets": 1051000000, "capitalSurplus": 1146000000, "totalLiab": 5466000000, "totalStockholderEquity": 1115000000, "minorityInterest": 196000000, "otherCurrentLiab": 61000000, "totalAssets": 6777000000, "commonStock": 159000000, "otherCurrentAssets": 2000000, "retainedEarnings": 3840000000, "otherLiab": 901000000, "goodWill": 1793000000, "treasuryStock": -4030000000, "otherAssets": 328000000, "cash": 860000000, "totalCurrentLiabilities": 1516000000, "otherStockholderEquity": -623000000, "propertyPlantEquipment": 1457000000, "totalCurrentAssets": 2144000000, "longTermInvestments": 4000000, "netTangibleAssets": -1729000000, "netReceivables": 685000000, "longTermDebt": 2781000000, "inventory": 534000000, "accountsPayable": 1391000000, "researchDevelopment": 32000000, "effectOfAccountingCharges": null, "incomeBeforeTax": 526000000, "netIncome": 415000000, "sellingGeneralAdministrative": 420000000, "grossProfit": 920000000, "ebit": 466000000, "operatingIncome": 466000000, "otherOperatingExpenses": 2000000, "interestExpense": -25000000, "extraordinaryItems": null, "nonRecurring": null, "otherItems": null, "incomeTaxExpense": 109000000, "totalRevenue": 1916000000, "totalOperatingExpenses": 1450000000, "costOfRevenue": 996000000, "totalOtherIncomeExpenseNet": 60000000, "discontinuedOperations": null, "netIncomeFromContinuingOps": 417000000, "netIncomeApplicableToCommonShares": 415000000, "changeToLiabilities": 20000000, "totalCashflowsFromInvestingActivities": -151000000, "totalCashFromFinancingActivities": -247000000, "changeToOperatingActivities": -19000000, "issuanceOfStock": 74000000, "changeInCash": -12000000, "repurchaseOfStock": -100000000, "effectOfExchangeRate": 3000000, "totalCashFromOperatingActivities": 383000000, "depreciation": 51000000, "otherCashflowsFromInvestingActivities": 3000000, "dividendsPaid": -140000000, "changeToInventory": -70000000, "changeToAccountReceivables": -8000000, "otherCashflowsFromFinancingActivities": -7000000, "changeToNetincome": -36000000, "capitalExpenditures": -69000000}}, "CME": {"2021-06-30": {"intangibleAssets": 20834600000, "capitalSurplus": 21219100000, "totalLiab": 151911700000, "totalStockholderEquity": 26763200000, "minorityInterest": 24200000, "otherCurrentLiab": 141910300000, "totalAssets": 178699100000, "commonStock": 3600000, "otherCurrentAssets": 143147500000, "retainedEarnings": 5434500000, "otherLiab": 5896800000, "goodWill": 10543000000, "treasuryStock": 106000000, "otherAssets": 1489900000, "cash": 1081000000, "totalCurrentLiabilities": 142012800000, "otherStockholderEquity": 106000000, "propertyPlantEquipment": 982600000, "totalCurrentAssets": 144849000000, "netTangibleAssets": -4614400000, "shortTermInvestments": 110900000, "netReceivables": 509600000, "longTermDebt": 3444600000, "accountsPayable": 47200000, "researchDevelopment": null, "effectOfAccountingCharges": null, "incomeBeforeTax": 726100000, "netIncome": 510300000, "sellingGeneralAdministrative": 368500000, "grossProfit": 1176800000, "ebit": 674700000, "operatingIncome": 674700000, "otherOperatingExpenses": 37100000, "interestExpense": -41700000, "extraordinaryItems": null, "nonRecurring": null, "otherItems": null, "incomeTaxExpense": 215500000, "totalRevenue": 1176800000, "totalOperatingExpenses": 502100000, "costOfRevenue": 0, "totalOtherIncomeExpenseNet": 51400000, "discontinuedOperations": null, "netIncomeFromContinuingOps": 510600000, "netIncomeApplicableToCommonShares": 510300000, "investments": 12000000, "changeToLiabilities": -12300000, "totalCashflowsFromInvestingActivities": -34000000, "totalCashFromFinancingActivities": -321100000, "changeToOperatingActivities": 75100000, "changeInCash": 144700000, "repurchaseOfStock": -400000, "totalCashFromOperatingActivities": 499800000, "depreciation": 96500000, "dividendsPaid": -322500000, "changeToAccountReceivables": 13700000, "otherCashflowsFromFinancingActivities": 1800000, "changeToNetincome": 15900000, "capitalExpenditures": -39700000}, "2021-03-31": {"intangibleAssets": 20892100000, "capitalSurplus": 21193500000, "totalLiab": 134096200000, "totalStockholderEquity": 26527900000, "minorityInterest": 28000000, "otherCurrentLiab": 124115900000, "totalAssets": 160652100000, "commonStock": 3600000, "otherCurrentAssets": 125156900000, "retainedEarnings": 5247300000, "otherLiab": 5856900000, "goodWill": 10534300000, "treasuryStock": 83500000, "otherAssets": 1478400000, "cash": 936400000, "totalCurrentLiabilities": 124222500000, "otherStockholderEquity": 83500000, "propertyPlantEquipment": 1001800000, "totalCurrentAssets": 126745500000, "netTangibleAssets": -4898500000, "shortTermInvestments": 105200000, "netReceivables": 547000000, "longTermDebt": 3443600000, "accountsPayable": 51600000, "researchDevelopment": null, "effectOfAccountingCharges": null, "incomeBeforeTax": 752300000, "netIncome": 574400000, "sellingGeneralAdministrative": 392300000, "grossProfit": 1250800000, "ebit": 725100000, "operatingIncome": 725100000, "otherOperatingExpenses": 35200000, "interestExpense": -41500000, "extraordinaryItems": null, "nonRecurring": null, "otherItems": null, "incomeTaxExpense": 177500000, "totalRevenue": 1250800000, "totalOperatingExpenses": 525700000, "costOfRevenue": 0, "totalOtherIncomeExpenseNet": 27200000, "discontinuedOperations": null, "netIncomeFromContinuingOps": 574800000, "netIncomeApplicableToCommonShares": 574400000, "investments": 700000, "changeToLiabilities": -8700000, "totalCashflowsFromInvestingActivities": -34000000, "totalCashFromFinancingActivities": -1233200000, "changeToOperatingActivities": -59100000, "changeInCash": -664500000, "repurchaseOfStock": -13100000, "totalCashFromOperatingActivities": 602700000, "depreciation": 98200000, "dividendsPaid": -1217500000, "changeToAccountReceivables": -146200000, "otherCashflowsFromFinancingActivities": -2600000, "changeToNetincome": 28400000, "capitalExpenditures": -28500000}, "2020-12-31": {"intangibleAssets": 22040600000, "capitalSurplus": 21185500000, "totalLiab": 98308100000, "totalStockholderEquity": 26319900000, "minorityInterest": 31600000, "otherCurrentLiab": 88076400000, "totalAssets": 124659600000, "commonStock": 3600000, "otherCurrentAssets": 87088500000, "retainedEarnings": 4995900000, "otherLiab": 6090400000, "goodWill": 10798800000, "treasuryStock": 134900000, "otherAssets": 456200000, "cash": 1633200000, "totalCurrentLiabilities": 88197900000, "otherStockholderEquity": 134900000, "propertyPlantEquipment": 1058300000, "totalCurrentAssets": 89283900000, "longTermInvestments": 1021800000, "netTangibleAssets": -6519500000, "shortTermInvestments": 100900000, "netReceivables": 461300000, "longTermDebt": 3443800000, "accountsPayable": 69300000, "researchDevelopment": null, "effectOfAccountingCharges": null, "incomeBeforeTax": 535000000, "netIncome": 424000000, "sellingGeneralAdministrative": 394000000, "grossProfit": 1095300000, "ebit": 551000000, "operatingIncome": 551000000, "otherOperatingExpenses": 29800000, "interestExpense": -41700000, "extraordinaryItems": null, "nonRecurring": null, "otherItems": null, "incomeTaxExpense": 110200000, "totalRevenue": 1095300000, "totalOperatingExpenses": 544300000, "costOfRevenue": 0, "totalOtherIncomeExpenseNet": -16000000, "discontinuedOperations": null, "netIncomeFromContinuingOps": 424800000, "netIncomeApplicableToCommonShares": 424000000, "investments": 17900000, "changeToLiabilities": -30200000, "totalCashflowsFromInvestingActivities": -52100000, "totalCashFromFinancingActivities": -307000000, "changeToOperatingActivities": 70700000, "changeInCash": 301200000, "repurchaseOfStock": -4300000, "totalCashFromOperatingActivities": 660300000, "depreciation": 120500000, "dividendsPaid": -304300000, "changeToAccountReceivables": 29000000, "otherCashflowsFromFinancingActivities": 1600000, "changeToNetincome": 14600000, "capitalExpenditures": -70000000}, "2020-09-30": {"intangibleAssets": 22069100000, "capitalSurplus": 21157200000, "totalLiab": 98748400000, "totalStockholderEquity": 26979600000, "minorityInterest": 30800000, "otherCurrentLiab": 88481200000, "totalAssets": 125758800000, "commonStock": 3600000, "otherCurrentAssets": 88433900000, "retainedEarnings": 5775100000, "otherLiab": 6093400000, "goodWill": 10755800000, "treasuryStock": 43700000, "otherAssets": 1545100000, "cash": 1332100000, "totalCurrentLiabilities": 88630900000, "otherStockholderEquity": 43700000, "propertyPlantEquipment": 1039500000, "totalCurrentAssets": 90349300000, "netTangibleAssets": -5845300000, "shortTermInvestments": 92400000, "netReceivables": 490900000, "longTermDebt": 3442200000, "accountsPayable": 99500000, "researchDevelopment": null, "effectOfAccountingCharges": null, "incomeBeforeTax": 536500000, "netIncome": 411700000, "sellingGeneralAdministrative": 388500000, "grossProfit": 1077300000, "ebit": 525000000, "operatingIncome": 525000000, "otherOperatingExpenses": 45800000, "interestExpense": -41700000, "extraordinaryItems": null, "nonRecurring": null, "otherItems": null, "incomeTaxExpense": 125000000, "totalRevenue": 1077300000, "totalOperatingExpenses": 552300000, "costOfRevenue": 0, "totalOtherIncomeExpenseNet": 11500000, "discontinuedOperations": null, "netIncomeFromContinuingOps": 411500000, "netIncomeApplicableToCommonShares": 411700000, "investments": 4400000, "changeToLiabilities": 11500000, "totalCashflowsFromInvestingActivities": -43900000, "totalCashFromFinancingActivities": -340700000, "changeToOperatingActivities": 23600000, "changeInCash": -73200000, "repurchaseOfStock": -17700000, "totalCashFromOperatingActivities": 311400000, "depreciation": 118000000, "dividendsPaid": -304100000, "changeToAccountReceivables": 41700000, "otherCashflowsFromFinancingActivities": -18900000, "changeToNetincome": 25900000, "capitalExpenditures": -48300000}}, "COST": {"2021-05-09": {"capitalSurplus": 6921000000, "totalLiab": 40300000000, "totalStockholderEquity": 16482000000, "minorityInterest": 492000000, "otherCurrentLiab": 6909000000, "totalAssets": 57274000000, "commonStock": 4000000, "otherCurrentAssets": 1220000000, "retainedEarnings": 10466000000, "otherLiab": 2182000000, "treasuryStock": -909000000, "otherAssets": 3306000000, "cash": 10226000000, "totalCurrentLiabilities": 27982000000, "shortLongTermDebt": 92000000, "otherStockholderEquity": -909000000, "propertyPlantEquipment": 26052000000, "totalCurrentAssets": 27916000000, "netTangibleAssets": 16482000000, "shortTermInvestments": 900000000, "netReceivables": 1595000000, "longTermDebt": 7495000000, "inventory": 13975000000, "accountsPayable": 15538000000, "researchDevelopment": null, "effectOfAccountingCharges": null, "incomeBeforeTax": 1650000000, "netIncome": 1220000000, "sellingGeneralAdministrative": 4189000000, "grossProfit": 5862000000, "ebit": 1663000000, "operatingIncome": 1663000000, "otherOperatingExpenses": null, "interestExpense": -40000000, "extraordinaryItems": null, "nonRecurring": null, "otherItems": null, "incomeTaxExpense": 417000000, "totalRevenue": 45277000000, "totalOperatingExpenses": 43614000000, "costOfRevenue": 39415000000, "totalOtherIncomeExpenseNet": -13000000, "discontinuedOperations": null, "netIncomeFromContinuingOps": 1233000000, "netIncomeApplicableToCommonShares": 1220000000, "investments": -286000000, "changeToLiabilities": 1065000000, "totalCashflowsFromInvestingActivities": -1343000000, "netBorrowings": 68000000, "totalCashFromFinancingActivities": -419000000, "changeToOperatingActivities": 502000000, "changeInCash": 1589000000, "repurchaseOfStock": -182000000, "effectOfExchangeRate": 18000000, "totalCashFromOperatingActivities": 3333000000, "depreciation": 402000000, "otherCashflowsFromInvestingActivities": -29000000, "dividendsPaid": -310000000, "changeToInventory": -51000000, "otherCashflowsFromFinancingActivities": 5000000, "changeToNetincome": 195000000, "capitalExpenditures": -1028000000}, "2021-02-14": {"capitalSurplus": 6843000000, "totalLiab": 38789000000, "totalStockholderEquity": 15652000000, "minorityInterest": 477000000, "otherCurrentLiab": 6413000000, "totalAssets": 54918000000, "commonStock": 4000000, "otherCurrentAssets": 1255000000, "retainedEarnings": 9766000000, "otherLiab": 2052000000, "treasuryStock": -961000000, "otherAssets": 3192000000, "cash": 8637000000, "totalCurrentLiabilities": 26564000000, "shortLongTermDebt": 95000000, "otherStockholderEquity": -961000000, "propertyPlantEquipment": 25418000000, "totalCurrentAssets": 26308000000, "netTangibleAssets": 15652000000, "shortTermInvestments": 617000000, "netReceivables": 1934000000, "longTermDebt": 7522000000, "inventory": 13865000000, "accountsPayable": 14383000000, "researchDevelopment": null, "effectOfAccountingCharges": null, "incomeBeforeTax": 1319000000, "netIncome": 951000000, "sellingGeneralAdministrative": 4342000000, "grossProfit": 5691000000, "ebit": 1340000000, "operatingIncome": 1340000000, "otherOperatingExpenses": null, "interestExpense": -40000000, "extraordinaryItems": null, "nonRecurring": null, "otherItems": null, "incomeTaxExpense": 348000000, "totalRevenue": 44769000000, "totalOperatingExpenses": 43429000000, "costOfRevenue": 39078000000, "totalOtherIncomeExpenseNet": -21000000, "discontinuedOperations": null, "netIncomeFromContinuingOps": 971000000, "netIncomeApplicableToCommonShares": 951000000, "investments": 228000000, "changeToLiabilities": -2594000000, "totalCashflowsFromInvestingActivities": -355000000, "netBorrowings": -107000000, "totalCashFromFinancingActivities": -4650000000, "changeToOperatingActivities": -22000000, "changeInCash": -4953000000, "repurchaseOfStock": -106000000, "effectOfExchangeRate": 14000000, "totalCashFromOperatingActivities": 38000000, "depreciation": 416000000, "otherCashflowsFromInvestingActivities": -10000000, "dividendsPaid": -310000000, "changeToInventory": 1100000000, "otherCashflowsFromFinancingActivities": -7000000, "changeToNetincome": 187000000, "capitalExpenditures": -573000000}, "2020-11-22": {"capitalSurplus": 6725000000, "totalLiab": 44908000000, "totalStockholderEquity": 14860000000, "minorityInterest": 449000000, "otherCurrentLiab": 10520000000, "totalAssets": 60217000000, "commonStock": 4000000, "otherCurrentAssets": 1126000000, "retainedEarnings": 9232000000, "otherLiab": 2138000000, "treasuryStock": -1101000000, "otherAssets": 3048000000, "cash": 13590000000, "totalCurrentLiabilities": 32667000000, "shortLongTermDebt": 96000000, "otherStockholderEquity": -1101000000, "propertyPlantEquipment": 25073000000, "totalCurrentAssets": 32096000000, "netTangibleAssets": 14860000000, "shortTermInvestments": 833000000, "netReceivables": 1646000000, "longTermDebt": 7529000000, "inventory": 14901000000, "accountsPayable": 17014000000, "researchDevelopment": null, "effectOfAccountingCharges": null, "incomeBeforeTax": 1420000000, "netIncome": 1166000000, "sellingGeneralAdministrative": 4298000000, "grossProfit": 5750000000, "ebit": 1430000000, "operatingIncome": 1430000000, "otherOperatingExpenses": null, "interestExpense": -39000000, "extraordinaryItems": null, "nonRecurring": null, "otherItems": null, "incomeTaxExpense": 239000000, "totalRevenue": 43208000000, "totalOperatingExpenses": 41778000000, "costOfRevenue": 37458000000, "totalOtherIncomeExpenseNet": -10000000, "discontinuedOperations": null, "netIncomeFromContinuingOps": 1181000000, "netIncomeApplicableToCommonShares": 1166000000, "investments": 211000000, "changeToLiabilities": 2785000000, "totalCashflowsFromInvestingActivities": -682000000, "netBorrowings": 40000000, "totalCashFromFinancingActivities": -700000000, "changeToOperatingActivities": 464000000, "changeInCash": 1313000000, "repurchaseOfStock": -391000000, "effectOfExchangeRate": 48000000, "totalCashFromOperatingActivities": 2647000000, "depreciation": 404000000, "otherCashflowsFromInvestingActivities": -10000000, "dividendsPaid": -310000000, "changeToInventory": -2580000000, "otherCashflowsFromFinancingActivities": -39000000, "changeToNetincome": 408000000, "capitalExpenditures": -893000000}, "2020-08-30": {"capitalSurplus": 6698000000, "totalLiab": 36851000000, "totalStockholderEquity": 18284000000, "minorityInterest": 421000000, "otherCurrentLiab": 5317000000, "totalAssets": 55556000000, "commonStock": 4000000, "otherCurrentAssets": 1023000000, "retainedEarnings": 12879000000, "otherLiab": 1278000000, "goodWill": 988000000, "treasuryStock": -1297000000, "otherAssets": 1261000000, "cash": 12277000000, "totalCurrentLiabilities": 24844000000, "deferredLongTermAssetCharges": 406000000, "shortLongTermDebt": 95000000, "otherStockholderEquity": -1297000000, "propertyPlantEquipment": 25187000000, "totalCurrentAssets": 28120000000, "netTangibleAssets": 17296000000, "shortTermInvestments": 1028000000, "netReceivables": 1550000000, "longTermDebt": 7514000000, "inventory": 12242000000, "accountsPayable": 14172000000, "researchDevelopment": null, "effectOfAccountingCharges": null, "incomeBeforeTax": 1869000000, "netIncome": 1389000000, "sellingGeneralAdministrative": 4786000000, "grossProfit": 7090000000, "ebit": 2278000000, "operatingIncome": 2278000000, "otherOperatingExpenses": null, "interestExpense": -51000000, "extraordinaryItems": null, "nonRecurring": null, "otherItems": null, "incomeTaxExpense": 465000000, "totalRevenue": 53383000000, "totalOperatingExpenses": 51105000000, "costOfRevenue": 46293000000, "totalOtherIncomeExpenseNet": -409000000, "discontinuedOperations": null, "netIncomeFromContinuingOps": 1404000000, "netIncomeApplicableToCommonShares": 1389000000, "investments": -63000000, "changeToLiabilities": 2832000000, "totalCashflowsFromInvestingActivities": -941000000, "netBorrowings": -1218000000, "totalCashFromFinancingActivities": -1918000000, "changeToOperatingActivities": 194000000, "changeInCash": 1451000000, "repurchaseOfStock": -87000000, "effectOfExchangeRate": 68000000, "totalCashFromOperatingActivities": 4242000000, "depreciation": 505000000, "otherCashflowsFromInvestingActivities": 4000000, "dividendsPaid": -619000000, "changeToInventory": -1056000000, "otherCashflowsFromFinancingActivities": 6000000, "changeToNetincome": 378000000, "capitalExpenditures": -852000000}}, "CRM": {"2021-07-31": {"intangibleAssets": 9746000000, "capitalSurplus": 48666000000, "totalLiab": 33138000000, "totalStockholderEquity": 55520000000, "deferredLongTermLiab": 1916000000, "otherCurrentLiab": 11067000000, "totalAssets": 88658000000, "commonStock": 1000000, "otherCurrentAssets": 1211000000, "retainedEarnings": 6937000000, "otherLiab": 2062000000, "goodWill": 48103000000, "treasuryStock": -84000000, "otherAssets": 4614000000, "cash": 6299000000, "totalCurrentLiabilities": 17393000000, "deferredLongTermAssetCharges": 2698000000, "shortLongTermDebt": 1342000000, "otherStockholderEquity": -84000000, "propertyPlantEquipment": 5834000000, "totalCurrentAssets": 16256000000, "longTermInvestments": 4105000000, "netTangibleAssets": -2329000000, "shortTermInvestments": 3351000000, "netReceivables": 4074000000, "longTermDebt": 10589000000, "accountsPayable": 4235000000, "researchDevelopment": 1020000000, "effectOfAccountingCharges": null, "incomeBeforeTax": 826000000, "minorityInterest": null, "netIncome": 535000000, "sellingGeneralAdministrative": 3321000000, "grossProfit": 4727000000, "ebit": 386000000, "operatingIncome": 386000000, "otherOperatingExpenses": null, "interestExpense": -41000000, "extraordinaryItems": null, "nonRecurring": null, "otherItems": null, "incomeTaxExpense": 291000000, "totalRevenue": 6340000000, "totalOperatingExpenses": 5954000000, "costOfRevenue": 1613000000, "totalOtherIncomeExpenseNet": 440000000, "discontinuedOperations": null, "netIncomeFromContinuingOps": 535000000, "netIncomeApplicableToCommonShares": 535000000, "investments": 3515000000, "changeToLiabilities": 332000000, "totalCashflowsFromInvestingActivities": -11054000000, "netBorrowings": 143000000, "totalCashFromFinancingActivities": 8440000000, "changeToOperatingActivities": -836000000, "issuanceOfStock": 375000000, "changeInCash": -2245000000, "effectOfExchangeRate": -17000000, "totalCashFromOperatingActivities": 386000000, "depreciation": 719000000, "changeToAccountReceivables": -812000000, "otherCashflowsFromFinancingActivities": 7922000000, "changeToNetincome": 114000000, "capitalExpenditures": -213000000}, "2021-04-30": {"intangibleAssets": 3925000000, "capitalSurplus": 36232000000, "totalLiab": 22318000000, "totalStockholderEquity": 42567000000, "deferredLongTermLiab": 1770000000, "otherCurrentLiab": 11158000000, "totalAssets": 64885000000, "commonStock": 1000000, "otherCurrentAssets": 1166000000, "retainedEarnings": 6402000000, "otherLiab": 1474000000, "goodWill": 26640000000, "treasuryStock": -68000000, "otherAssets": 4377000000, "cash": 8544000000, "totalCurrentLiabilities": 15323000000, "deferredLongTermAssetCharges": 2607000000, "shortLongTermDebt": 4000000, "otherStockholderEquity": -68000000, "propertyPlantEquipment": 5555000000, "totalCurrentAssets": 20444000000, "longTermInvestments": 3944000000, "netTangibleAssets": 12002000000, "shortTermInvestments": 6479000000, "netReceivables": 3174000000, "longTermDebt": 2672000000, "accountsPayable": 3403000000, "researchDevelopment": 951000000, "effectOfAccountingCharges": null, "incomeBeforeTax": 604000000, "minorityInterest": null, "netIncome": 469000000, "sellingGeneralAdministrative": 3103000000, "grossProfit": 4408000000, "ebit": 354000000, "operatingIncome": 354000000, "otherOperatingExpenses": null, "interestExpense": -34000000, "extraordinaryItems": null, "nonRecurring": null, "otherItems": null, "incomeTaxExpense": 135000000, "totalRevenue": 5963000000, "totalOperatingExpenses": 5609000000, "costOfRevenue": 1555000000, "totalOtherIncomeExpenseNet": 250000000, "discontinuedOperations": null, "netIncomeFromContinuingOps": 469000000, "netIncomeApplicableToCommonShares": 469000000, "investments": -451000000, "changeToLiabilities": -2544000000, "totalCashflowsFromInvestingActivities": -1047000000, "netBorrowings": -50000000, "totalCashFromFinancingActivities": 165000000, "changeToOperatingActivities": -588000000, "issuanceOfStock": 225000000, "changeInCash": 2349000000, "effectOfExchangeRate": 3000000, "totalCashFromOperatingActivities": 3228000000, "depreciation": 517000000, "changeToAccountReceivables": 4616000000, "otherCashflowsFromFinancingActivities": -10000000, "changeToNetincome": 276000000, "capitalExpenditures": -171000000}, "2021-01-31": {"intangibleAssets": 4114000000, "capitalSurplus": 35601000000, "totalLiab": 24808000000, "totalStockholderEquity": 41493000000, "deferredLongTermLiab": 1715000000, "otherCurrentLiab": 12607000000, "totalAssets": 66301000000, "commonStock": 1000000, "otherCurrentAssets": 1146000000, "retainedEarnings": 5933000000, "otherLiab": 1472000000, "goodWill": 26318000000, "treasuryStock": -42000000, "otherAssets": 4408000000, "cash": 6195000000, "totalCurrentLiabilities": 17728000000, "deferredLongTermAssetCharges": 2651000000, "shortLongTermDebt": 4000000, "otherStockholderEquity": -42000000, "propertyPlantEquipment": 5663000000, "totalCurrentAssets": 21889000000, "longTermInvestments": 3909000000, "netTangibleAssets": 11061000000, "shortTermInvestments": 5771000000, "netReceivables": 7786000000, "longTermDebt": 2673000000, "accountsPayable": 2616000000, "researchDevelopment": 939000000, "effectOfAccountingCharges": null, "incomeBeforeTax": 425000000, "minorityInterest": null, "netIncome": 267000000, "sellingGeneralAdministrative": 3206000000, "grossProfit": 4338000000, "ebit": 193000000, "operatingIncome": 193000000, "otherOperatingExpenses": null, "interestExpense": -102000000, "extraordinaryItems": null, "nonRecurring": null, "otherItems": null, "incomeTaxExpense": 158000000, "totalRevenue": 5817000000, "totalOperatingExpenses": 5624000000, "costOfRevenue": 1479000000, "totalOtherIncomeExpenseNet": 232000000, "discontinuedOperations": null, "netIncomeFromContinuingOps": 267000000, "netIncomeApplicableToCommonShares": 267000000, "investments": 243000000, "changeToLiabilities": 5780000000, "totalCashflowsFromInvestingActivities": 94000000, "netBorrowings": -40000000, "totalCashFromFinancingActivities": 176000000, "changeToOperatingActivities": -885000000, "issuanceOfStock": 216000000, "changeInCash": 2471000000, "effectOfExchangeRate": 27000000, "totalCashFromOperatingActivities": 2174000000, "depreciation": 1185000000, "changeToAccountReceivables": -4429000000, "otherCashflowsFromFinancingActivities": -10000000, "changeToNetincome": 282000000, "capitalExpenditures": -149000000}, "2020-10-31": {"intangibleAssets": 4398000000, "capitalSurplus": 34727000000, "totalLiab": 18826000000, "totalStockholderEquity": 40310000000, "deferredLongTermLiab": 1462000000, "otherCurrentLiab": 7964000000, "totalAssets": 59136000000, "commonStock": 1000000, "otherCurrentAssets": 1041000000, "retainedEarnings": 5666000000, "otherLiab": 1146000000, "goodWill": 26313000000, "treasuryStock": -84000000, "otherAssets": 4026000000, "cash": 3724000000, "totalCurrentLiabilities": 12234000000, "deferredLongTermAssetCharges": 2510000000, "shortLongTermDebt": 4000000, "otherStockholderEquity": -84000000, "propertyPlantEquipment": 5526000000, "totalCurrentAssets": 14946000000, "longTermInvestments": 3927000000, "netTangibleAssets": 9599000000, "shortTermInvestments": 5768000000, "netReceivables": 3890000000, "longTermDebt": 2672000000, "accountsPayable": 1893000000, "researchDevelopment": 902000000, "effectOfAccountingCharges": null, "incomeBeforeTax": 1250000000, "minorityInterest": null, "netIncome": 1081000000, "sellingGeneralAdministrative": 2899000000, "grossProfit": 4025000000, "ebit": 224000000, "operatingIncome": 224000000, "otherOperatingExpenses": null, "interestExpense": -29000000, "extraordinaryItems": null, "nonRecurring": null, "otherItems": null, "incomeTaxExpense": 169000000, "totalRevenue": 5419000000, "totalOperatingExpenses": 5195000000, "costOfRevenue": 1394000000, "totalOtherIncomeExpenseNet": 1026000000, "discontinuedOperations": null, "netIncomeFromContinuingOps": 1081000000, "netIncomeApplicableToCommonShares": 1081000000, "investments": -887000000, "changeToLiabilities": -724000000, "totalCashflowsFromInvestingActivities": -1035000000, "netBorrowings": -13000000, "totalCashFromFinancingActivities": 368000000, "changeToOperatingActivities": -617000000, "issuanceOfStock": 381000000, "changeInCash": -328000000, "effectOfExchangeRate": 27000000, "totalCashFromOperatingActivities": 339000000, "depreciation": 670000000, "changeToAccountReceivables": 128000000, "otherCashflowsFromFinancingActivities": -10000000, "changeToNetincome": -470000000, "capitalExpenditures": -124000000}}, "DPZ": {"2021-06-20": {"intangibleAssets": 88733000, "capitalSurplus": 7771000, "totalLiab": 5862363000, "totalStockholderEquity": -4140570000, "otherCurrentLiab": 192965000, "totalAssets": 1721793000, "commonStock": 369000, "otherCurrentAssets": 349834000, "retainedEarnings": -4146702000, "otherLiab": 85318000, "goodWill": 15034000, "treasuryStock": -2008000, "otherAssets": 38299000, "cash": 292095000, "totalCurrentLiabilities": 554354000, "deferredLongTermAssetCharges": 1663000, "shortLongTermDebt": 51500000, "otherStockholderEquity": -2008000, "propertyPlantEquipment": 516377000, "totalCurrentAssets": 980850000, "longTermInvestments": 82500000, "netTangibleAssets": -4244337000, "netReceivables": 235954000, "longTermDebt": 4965068000, "inventory": 59182000, "accountsPayable": 104515000, "researchDevelopment": null, "effectOfAccountingCharges": null, "incomeBeforeTax": 145093000, "minorityInterest": null, "netIncome": 116619000, "sellingGeneralAdministrative": 100448000, "grossProfit": 291350000, "ebit": 190902000, "operatingIncome": 190902000, "otherOperatingExpenses": null, "interestExpense": -45877000, "extraordinaryItems": null, "nonRecurring": null, "otherItems": null, "incomeTaxExpense": 28474000, "totalRevenue": 1032472000, "totalOperatingExpenses": 841570000, "costOfRevenue": 741122000, "totalOtherIncomeExpenseNet": -45809000, "discontinuedOperations": null, "netIncomeFromContinuingOps": 116619000, "netIncomeApplicableToCommonShares": 116619000, "changeToLiabilities": 0, "totalCashflowsFromInvestingActivities": -16430000, "netBorrowings": 968157000, "totalCashFromFinancingActivities": -78104000, "changeToOperatingActivities": -806000, "issuanceOfStock": 5332000, "changeInCash": 48171000, "repurchaseOfStock": -1000043000, "effectOfExchangeRate": 141000, "totalCashFromOperatingActivities": 142564000, "depreciation": 17176000, "otherCashflowsFromInvestingActivities": 172000, "dividendsPaid": -36368000, "otherCashflowsFromFinancingActivities": -15182000, "changeToNetincome": 6340000, "capitalExpenditures": -16602000}, "2021-03-28": {"intangibleAssets": 84694000, "capitalSurplus": 6612000, "totalLiab": 4898912000, "totalStockholderEquity": -3236080000, "otherCurrentLiab": 192103000, "totalAssets": 1662832000, "commonStock": 388000, "otherCurrentAssets": 338147000, "retainedEarnings": -3240842000, "otherLiab": 81579000, "goodWill": 15034000, "treasuryStock": -2238000, "otherAssets": 37074000, "cash": 267719000, "totalCurrentLiabilities": 501835000, "deferredLongTermAssetCharges": 1698000, "otherStockholderEquity": -2238000, "propertyPlantEquipment": 517728000, "totalCurrentAssets": 925802000, "longTermInvestments": 82500000, "netTangibleAssets": -3335808000, "netReceivables": 235789000, "longTermDebt": 4059520000, "inventory": 63775000, "accountsPayable": 95042000, "researchDevelopment": null, "effectOfAccountingCharges": null, "incomeBeforeTax": 149638000, "minorityInterest": null, "netIncome": 117761000, "sellingGeneralAdministrative": 91253000, "grossProfit": 277791000, "ebit": 186538000, "operatingIncome": 186538000, "otherOperatingExpenses": null, "interestExpense": -39422000, "extraordinaryItems": null, "nonRecurring": null, "otherItems": null, "incomeTaxExpense": 31877000, "totalRevenue": 983698000, "totalOperatingExpenses": 797160000, "costOfRevenue": 705907000, "totalOtherIncomeExpenseNet": -36900000, "discontinuedOperations": null, "netIncomeFromContinuingOps": 117761000, "netIncomeApplicableToCommonShares": 117761000, "investments": -40000000, "changeToLiabilities": 0, "totalCashflowsFromInvestingActivities": -56440000, "netBorrowings": -704000, "totalCashFromFinancingActivities": -23119000, "changeToOperatingActivities": 13713000, "issuanceOfStock": 3693000, "changeInCash": 73453000, "repurchaseOfStock": -26044000, "effectOfExchangeRate": 161000, "totalCashFromOperatingActivities": 152851000, "depreciation": 16465000, "otherCashflowsFromInvestingActivities": 121000, "dividendsPaid": -64000, "otherCashflowsFromFinancingActivities": -15182000, "changeToNetincome": 3709000, "capitalExpenditures": -16561000}, "2021-01-03": {"intangibleAssets": 81306000, "capitalSurplus": 5122000, "totalLiab": 4867573000, "totalStockholderEquity": -3300405000, "otherCurrentLiab": 145275000, "totalAssets": 1567168000, "commonStock": 389000, "otherCurrentAssets": 365151000, "retainedEarnings": -3303492000, "otherLiab": 78468000, "goodWill": 15061000, "treasuryStock": -2424000, "otherAssets": 35785000, "cash": 168821000, "totalCurrentLiabilities": 470819000, "deferredLongTermAssetCharges": 1904000, "otherStockholderEquity": -2424000, "propertyPlantEquipment": 525632000, "totalCurrentAssets": 869384000, "longTermInvestments": 40000000, "netTangibleAssets": -3396772000, "netReceivables": 244560000, "longTermDebt": 4058318000, "inventory": 66683000, "accountsPayable": 94499000, "researchDevelopment": null, "effectOfAccountingCharges": null, "incomeBeforeTax": 189565000, "minorityInterest": null, "netIncome": 151897000, "sellingGeneralAdministrative": 138404000, "grossProfit": 382448000, "ebit": 244044000, "operatingIncome": 244044000, "otherOperatingExpenses": null, "interestExpense": -54479000, "extraordinaryItems": null, "nonRecurring": null, "otherItems": null, "incomeTaxExpense": 37668000, "totalRevenue": 1356567000, "totalOperatingExpenses": 1112523000, "costOfRevenue": 974119000, "totalOtherIncomeExpenseNet": -54479000, "discontinuedOperations": null, "netIncomeFromContinuingOps": 151897000, "netIncomeApplicableToCommonShares": 151897000, "investments": -40000000, "changeToLiabilities": 68954000, "totalCashflowsFromInvestingActivities": -37858000, "netBorrowings": -11215000, "totalCashFromFinancingActivities": -292822000, "changeToOperatingActivities": 18701000, "issuanceOfStock": 4444000, "changeInCash": -107767000, "repurchaseOfStock": -225219000, "effectOfExchangeRate": 518000, "totalCashFromOperatingActivities": 222395000, "depreciation": -2078000, "otherCashflowsFromInvestingActivities": -416000, "dividendsPaid": -60832000, "changeToInventory": -24959000, "changeToAccountReceivables": -33334000, "otherCashflowsFromFinancingActivities": -15182000, "changeToNetincome": 18541000, "capitalExpenditures": -37605000}, "2020-09-06": {"intangibleAssets": 78632000, "capitalSurplus": 34124000, "totalLiab": 4832479000, "totalStockholderEquity": -3211531000, "otherCurrentLiab": 169606000, "totalAssets": 1620948000, "commonStock": 394000, "otherCurrentAssets": 304612000, "retainedEarnings": -3242627000, "otherLiab": 79798000, "goodWill": 15061000, "treasuryStock": -3422000, "otherAssets": 78817000, "cash": 330719000, "totalCurrentLiabilities": 488525000, "deferredLongTermAssetCharges": 6030000, "shortLongTermDebt": 42000000, "otherStockholderEquity": -3422000, "propertyPlantEquipment": 491917000, "totalCurrentAssets": 956521000, "netTangibleAssets": -3305224000, "netReceivables": 229403000, "longTermDebt": 4025189000, "inventory": 65499000, "accountsPayable": 88188000, "researchDevelopment": null, "effectOfAccountingCharges": null, "incomeBeforeTax": 123773000, "minorityInterest": null, "netIncome": 99129000, "sellingGeneralAdministrative": 91652000, "grossProfit": 253833000, "ebit": 162181000, "operatingIncome": 162181000, "otherOperatingExpenses": null, "interestExpense": -38605000, "extraordinaryItems": null, "nonRecurring": null, "otherItems": null, "incomeTaxExpense": 24644000, "totalRevenue": 967719000, "totalOperatingExpenses": 805538000, "costOfRevenue": 713886000, "totalOtherIncomeExpenseNet": -38408000, "discontinuedOperations": null, "netIncomeFromContinuingOps": 99129000, "netIncomeApplicableToCommonShares": 99129000, "investments": -40000000, "changeToLiabilities": 0, "totalCashflowsFromInvestingActivities": -16858000, "netBorrowings": -68803000, "totalCashFromFinancingActivities": -102662000, "changeToOperatingActivities": 38253000, "issuanceOfStock": 1725000, "changeInCash": 39547000, "repurchaseOfStock": -4757000, "effectOfExchangeRate": 496000, "totalCashFromOperatingActivities": 158571000, "depreciation": 15327000, "otherCashflowsFromInvestingActivities": 568000, "dividendsPaid": -30827000, "changeToInventory": -24959000, "changeToAccountReceivables": -33334000, "otherCashflowsFromFinancingActivities": -15182000, "changeToNetincome": 4584000, "capitalExpenditures": -17431000}}, "EL": {"2021-06-30": {"intangibleAssets": 4095000000, "capitalSurplus": 5335000000, "totalLiab": 15023000000, "totalStockholderEquity": 6057000000, "minorityInterest": 891000000, "otherCurrentLiab": 691000000, "totalAssets": 21971000000, "commonStock": 6000000, "otherCurrentAssets": 52000000, "retainedEarnings": 12244000000, "otherLiab": 2037000000, "goodWill": 2616000000, "treasuryStock": -11528000000, "otherAssets": 1022000000, "cash": 4958000000, "totalCurrentLiabilities": 5298000000, "shortLongTermDebt": 14000000, "otherStockholderEquity": -470000000, "propertyPlantEquipment": 4470000000, "totalCurrentAssets": 9768000000, "netTangibleAssets": -654000000, "netReceivables": 1702000000, "longTermDebt": 5510000000, "inventory": 2505000000, "accountsPayable": 1692000000, "researchDevelopment": null, "effectOfAccountingCharges": null, "incomeBeforeTax": 1050000000, "netIncome": 1018000000, "sellingGeneralAdministrative": 2604000000, "grossProfit": 2951000000, "ebit": 347000000, "operatingIncome": 347000000, "otherOperatingExpenses": null, "interestExpense": -42000000, "extraordinaryItems": null, "nonRecurring": null, "otherItems": null, "incomeTaxExpense": 35000000, "totalRevenue": 3936000000, "totalOperatingExpenses": 3589000000, "costOfRevenue": 985000000, "totalOtherIncomeExpenseNet": 703000000, "discontinuedOperations": null, "netIncomeFromContinuingOps": 1015000000, "netIncomeApplicableToCommonShares": 1018000000, "investments": -2000000, "changeToLiabilities": 385000000, "totalCashflowsFromInvestingActivities": -1287000000, "netBorrowings": -451000000, "totalCashFromFinancingActivities": -1030000000, "changeToOperatingActivities": 175000000, "issuanceOfStock": 35000000, "changeInCash": -1441000000, "repurchaseOfStock": -417000000, "effectOfExchangeRate": 22000000, "totalCashFromOperatingActivities": 854000000, "depreciation": 176000000, "otherCashflowsFromInvestingActivities": 23000000, "dividendsPaid": -192000000, "changeToInventory": -153000000, "changeToAccountReceivables": 108000000, "otherCashflowsFromFinancingActivities": -5000000, "changeToNetincome": -855000000, "capitalExpenditures": -251000000}, "2021-03-31": {"intangibleAssets": 2294000000, "capitalSurplus": 5231000000, "totalLiab": 14342000000, "totalStockholderEquity": 5528000000, "minorityInterest": 30000000, "otherCurrentLiab": 907000000, "totalAssets": 19900000000, "commonStock": 6000000, "otherCurrentAssets": 136000000, "retainedEarnings": 11420000000, "otherLiab": 1460000000, "goodWill": 1369000000, "treasuryStock": -11129000000, "otherAssets": 922000000, "cash": 6399000000, "totalCurrentLiabilities": 5197000000, "shortLongTermDebt": 471000000, "otherStockholderEquity": -487000000, "propertyPlantEquipment": 4318000000, "totalCurrentAssets": 10997000000, "netTangibleAssets": 1865000000, "netReceivables": 1735000000, "longTermDebt": 5487000000, "inventory": 2134000000, "accountsPayable": 1277000000, "researchDevelopment": null, "effectOfAccountingCharges": null, "incomeBeforeTax": 580000000, "netIncome": 456000000, "sellingGeneralAdministrative": 2050000000, "grossProfit": 2929000000, "ebit": 879000000, "operatingIncome": 879000000, "otherOperatingExpenses": null, "interestExpense": -43000000, "extraordinaryItems": null, "nonRecurring": null, "otherItems": null, "incomeTaxExpense": 122000000, "totalRevenue": 3864000000, "totalOperatingExpenses": 2985000000, "costOfRevenue": 935000000, "totalOtherIncomeExpenseNet": -299000000, "discontinuedOperations": null, "netIncomeFromContinuingOps": 458000000, "netIncomeApplicableToCommonShares": 456000000, "investments": -2000000, "changeToLiabilities": -8000000, "totalCashflowsFromInvestingActivities": -180000000, "netBorrowings": 595000000, "totalCashFromFinancingActivities": 257000000, "changeToOperatingActivities": -156000000, "issuanceOfStock": 76000000, "changeInCash": 854000000, "repurchaseOfStock": -214000000, "effectOfExchangeRate": -22000000, "totalCashFromOperatingActivities": 799000000, "depreciation": 159000000, "otherCashflowsFromInvestingActivities": -42000000, "dividendsPaid": -193000000, "changeToInventory": -54000000, "changeToAccountReceivables": 214000000, "otherCashflowsFromFinancingActivities": -7000000, "changeToNetincome": 188000000, "capitalExpenditures": -136000000}, "2020-12-31": {"intangibleAssets": 2424000000, "capitalSurplus": 5068000000, "totalLiab": 14139000000, "totalStockholderEquity": 5421000000, "minorityInterest": 35000000, "otherCurrentLiab": 969000000, "totalAssets": 19595000000, "commonStock": 6000000, "otherCurrentAssets": 73000000, "retainedEarnings": 11159000000, "otherLiab": 1492000000, "goodWill": 1401000000, "treasuryStock": -10812000000, "otherAssets": 1012000000, "cash": 5545000000, "totalCurrentLiabilities": 5420000000, "shortLongTermDebt": 470000000, "otherStockholderEquity": -383000000, "propertyPlantEquipment": 4467000000, "totalCurrentAssets": 10291000000, "netTangibleAssets": 1596000000, "netReceivables": 1972000000, "longTermDebt": 4913000000, "inventory": 2116000000, "accountsPayable": 1299000000, "researchDevelopment": null, "effectOfAccountingCharges": null, "incomeBeforeTax": 1030000000, "netIncome": 873000000, "sellingGeneralAdministrative": 2599000000, "grossProfit": 3771000000, "ebit": 1172000000, "operatingIncome": 1172000000, "otherOperatingExpenses": null, "interestExpense": -43000000, "extraordinaryItems": null, "nonRecurring": null, "otherItems": null, "incomeTaxExpense": 153000000, "totalRevenue": 4853000000, "totalOperatingExpenses": 3681000000, "costOfRevenue": 1082000000, "totalOtherIncomeExpenseNet": -142000000, "discontinuedOperations": null, "netIncomeFromContinuingOps": 877000000, "netIncomeApplicableToCommonShares": 873000000, "investments": -2000000, "changeToLiabilities": 84000000, "totalCashflowsFromInvestingActivities": -155000000, "netBorrowings": -2000000, "totalCashFromFinancingActivities": -229000000, "changeToOperatingActivities": 267000000, "issuanceOfStock": 46000000, "changeInCash": 1278000000, "repurchaseOfStock": -77000000, "effectOfExchangeRate": 42000000, "totalCashFromOperatingActivities": 1620000000, "depreciation": 160000000, "otherCashflowsFromInvestingActivities": -21000000, "dividendsPaid": -194000000, "changeToInventory": 161000000, "changeToAccountReceivables": -113000000, "otherCashflowsFromFinancingActivities": -2000000, "changeToNetincome": 188000000, "capitalExpenditures": -134000000}, "2020-09-30": {"intangibleAssets": 2358000000, "capitalSurplus": 4913000000, "totalLiab": 13422000000, "totalStockholderEquity": 4452000000, "minorityInterest": 29000000, "otherCurrentLiab": 875000000, "totalAssets": 17903000000, "commonStock": 6000000, "otherCurrentAssets": 22000000, "retainedEarnings": 10480000000, "otherLiab": 1456000000, "goodWill": 1421000000, "treasuryStock": -10947000000, "otherAssets": 930000000, "cash": 4267000000, "totalCurrentLiabilities": 4744000000, "shortLongTermDebt": 473000000, "otherStockholderEquity": -594000000, "propertyPlantEquipment": 4399000000, "totalCurrentAssets": 8795000000, "netTangibleAssets": 673000000, "netReceivables": 1812000000, "longTermDebt": 4913000000, "inventory": 2204000000, "accountsPayable": 1178000000, "researchDevelopment": null, "effectOfAccountingCharges": null, "incomeBeforeTax": 671000000, "netIncome": 523000000, "sellingGeneralAdministrative": 2029000000, "grossProfit": 2740000000, "ebit": 711000000, "operatingIncome": 711000000, "otherOperatingExpenses": null, "interestExpense": -45000000, "extraordinaryItems": null, "nonRecurring": null, "otherItems": null, "incomeTaxExpense": 146000000, "totalRevenue": 3562000000, "totalOperatingExpenses": 2851000000, "costOfRevenue": 822000000, "totalOtherIncomeExpenseNet": -40000000, "discontinuedOperations": null, "netIncomeFromContinuingOps": 525000000, "netIncomeApplicableToCommonShares": 523000000, "investments": -40000000, "changeToLiabilities": -21000000, "totalCashflowsFromInvestingActivities": -242000000, "netBorrowings": -749000000, "totalCashFromFinancingActivities": -890000000, "changeToOperatingActivities": 366000000, "issuanceOfStock": 58000000, "changeInCash": -755000000, "repurchaseOfStock": -25000000, "effectOfExchangeRate": 19000000, "totalCashFromOperatingActivities": 358000000, "depreciation": 156000000, "otherCashflowsFromInvestingActivities": -80000000, "dividendsPaid": -174000000, "changeToInventory": -94000000, "changeToAccountReceivables": -607000000, "otherCashflowsFromFinancingActivities": -2000000, "changeToNetincome": 35000000, "capitalExpenditures": -116000000}}, "FB": {"2021-06-30": {"intangibleAssets": 514000000, "capitalSurplus": 52845000000, "totalLiab": 32382000000, "totalStockholderEquity": 138227000000, "otherCurrentLiab": 1340000000, "totalAssets": 170609000000, "otherCurrentAssets": 201000000, "retainedEarnings": 85097000000, "otherLiab": 6059000000, "goodWill": 19219000000, "treasuryStock": 285000000, "otherAssets": 2352000000, "cash": 16186000000, "totalCurrentLiabilities": 14874000000, "otherStockholderEquity": 285000000, "propertyPlantEquipment": 61434000000, "totalCurrentAssets": 80697000000, "longTermInvestments": 6393000000, "netTangibleAssets": 118494000000, "shortTermInvestments": 47894000000, "netReceivables": 11698000000, "accountsPayable": 973000000, "researchDevelopment": 6096000000, "effectOfAccountingCharges": null, "incomeBeforeTax": 12513000000, "minorityInterest": null, "netIncome": 10394000000, "sellingGeneralAdministrative": 5215000000, "grossProfit": 23678000000, "ebit": 12367000000, "operatingIncome": 12367000000, "otherOperatingExpenses": null, "interestExpense": null, "extraordinaryItems": null, "nonRecurring": null, "otherItems": null, "incomeTaxExpense": 2119000000, "totalRevenue": 29077000000, "totalOperatingExpenses": 16710000000, "costOfRevenue": 5399000000, "totalOtherIncomeExpenseNet": 146000000, "discontinuedOperations": null, "netIncomeFromContinuingOps": 10394000000, "netIncomeApplicableToCommonShares": 10394000000, "investments": -3264000000, "changeToLiabilities": 119000000, "totalCashflowsFromInvestingActivities": -8195000000, "netBorrowings": -70000000, "totalCashFromFinancingActivities": -8549000000, "changeToOperatingActivities": -643000000, "changeInCash": -3380000000, "repurchaseOfStock": -8434000000, "effectOfExchangeRate": 117000000, "totalCashFromOperatingActivities": 13247000000, "depreciation": 1986000000, "otherCashflowsFromInvestingActivities": -60000000, "changeToAccountReceivables": -1366000000, "otherCashflowsFromFinancingActivities": -45000000, "changeToNetincome": 2756000000, "capitalExpenditures": -4612000000}, "2021-03-31": {"intangibleAssets": 505000000, "capitalSurplus": 51160000000, "totalLiab": 29866000000, "totalStockholderEquity": 133657000000, "otherCurrentLiab": 1388000000, "totalAssets": 163523000000, "otherCurrentAssets": 257000000, "retainedEarnings": 82343000000, "otherLiab": 6101000000, "goodWill": 19056000000, "treasuryStock": 154000000, "otherAssets": 2376000000, "cash": 19513000000, "totalCurrentLiabilities": 12717000000, "otherStockholderEquity": 154000000, "propertyPlantEquipment": 57922000000, "totalCurrentAssets": 77322000000, "longTermInvestments": 6342000000, "netTangibleAssets": 114096000000, "shortTermInvestments": 44706000000, "netReceivables": 10276000000, "accountsPayable": 878000000, "researchDevelopment": 5197000000, "effectOfAccountingCharges": null, "incomeBeforeTax": 11503000000, "minorityInterest": null, "netIncome": 9497000000, "sellingGeneralAdministrative": 4465000000, "grossProfit": 21040000000, "ebit": 11378000000, "operatingIncome": 11378000000, "otherOperatingExpenses": null, "interestExpense": null, "extraordinaryItems": null, "nonRecurring": null, "otherItems": null, "incomeTaxExpense": 2006000000, "totalRevenue": 26171000000, "totalOperatingExpenses": 14793000000, "costOfRevenue": 5131000000, "totalOtherIncomeExpenseNet": 125000000, "discontinuedOperations": null, "netIncomeFromContinuingOps": 9497000000, "netIncomeApplicableToCommonShares": 9497000000, "investments": -600000000, "changeToLiabilities": -244000000, "totalCashflowsFromInvestingActivities": -4874000000, "netBorrowings": -201000000, "totalCashFromFinancingActivities": -5185000000, "changeToOperatingActivities": -2014000000, "changeInCash": 1937000000, "repurchaseOfStock": -5016000000, "effectOfExchangeRate": -246000000, "totalCashFromOperatingActivities": 12242000000, "depreciation": 1972000000, "otherCashflowsFromInvestingActivities": -2000000, "changeToAccountReceivables": 849000000, "otherCashflowsFromFinancingActivities": 32000000, "changeToNetincome": 2182000000, "capitalExpenditures": -4272000000}, "2020-12-31": {"intangibleAssets": 623000000, "capitalSurplus": 50018000000, "totalLiab": 31026000000, "totalStockholderEquity": 128290000000, "otherCurrentLiab": 9964000000, "totalAssets": 159316000000, "otherCurrentAssets": 241000000, "retainedEarnings": 77345000000, "otherLiab": 5945000000, "goodWill": 19050000000, "treasuryStock": 927000000, "otherAssets": 2758000000, "cash": 17576000000, "totalCurrentLiabilities": 14981000000, "otherStockholderEquity": 927000000, "propertyPlantEquipment": 54981000000, "totalCurrentAssets": 75670000000, "longTermInvestments": 6234000000, "netTangibleAssets": 108617000000, "shortTermInvestments": 44378000000, "netReceivables": 11335000000, "accountsPayable": 1331000000, "researchDevelopment": 5207000000, "effectOfAccountingCharges": null, "incomeBeforeTax": 13055000000, "minorityInterest": null, "netIncome": 11219000000, "sellingGeneralAdministrative": 4880000000, "grossProfit": 22862000000, "ebit": 12775000000, "operatingIncome": 12775000000, "otherOperatingExpenses": null, "interestExpense": null, "extraordinaryItems": null, "nonRecurring": null, "otherItems": null, "incomeTaxExpense": 1836000000, "totalRevenue": 28072000000, "totalOperatingExpenses": 15297000000, "costOfRevenue": 5210000000, "totalOtherIncomeExpenseNet": 280000000, "discontinuedOperations": null, "netIncomeFromContinuingOps": 11219000000, "netIncomeApplicableToCommonShares": 11219000000, "investments": -529000000, "changeToLiabilities": -59000000, "totalCashflowsFromInvestingActivities": -5173000000, "netBorrowings": -158000000, "totalCashFromFinancingActivities": -3207000000, "changeToOperatingActivities": 2606000000, "changeInCash": 5975000000, "repurchaseOfStock": -3049000000, "effectOfExchangeRate": 315000000, "totalCashFromOperatingActivities": 14040000000, "depreciation": 1863000000, "otherCashflowsFromInvestingActivities": -27000000, "changeToAccountReceivables": -3059000000, "otherCashflowsFromFinancingActivities": 32000000, "changeToNetincome": 1470000000, "capitalExpenditures": -4613000000}, "2020-09-30": {"intangibleAssets": 744000000, "capitalSurplus": 48910000000, "totalLiab": 28706000000, "totalStockholderEquity": 117731000000, "otherCurrentLiab": 1829000000, "totalAssets": 146437000000, "otherCurrentAssets": 222000000, "retainedEarnings": 68513000000, "otherLiab": 6655000000, "goodWill": 19031000000, "treasuryStock": 308000000, "otherAssets": 2969000000, "cash": 11617000000, "totalCurrentLiabilities": 11944000000, "otherStockholderEquity": 308000000, "propertyPlantEquipment": 51730000000, "totalCurrentAssets": 65799000000, "longTermInvestments": 6164000000, "netTangibleAssets": 97956000000, "shortTermInvestments": 44003000000, "netReceivables": 8024000000, "accountsPayable": 1106000000, "researchDevelopment": 4763000000, "effectOfAccountingCharges": null, "incomeBeforeTax": 8133000000, "minorityInterest": null, "netIncome": 7846000000, "sellingGeneralAdministrative": 4473000000, "grossProfit": 17276000000, "ebit": 8040000000, "operatingIncome": 8040000000, "otherOperatingExpenses": null, "interestExpense": null, "extraordinaryItems": null, "nonRecurring": null, "otherItems": null, "incomeTaxExpense": 287000000, "totalRevenue": 21470000000, "totalOperatingExpenses": 13430000000, "costOfRevenue": 4194000000, "totalOtherIncomeExpenseNet": 93000000, "discontinuedOperations": null, "netIncomeFromContinuingOps": 7846000000, "netIncomeApplicableToCommonShares": 7846000000, "investments": -13177000000, "changeToLiabilities": 251000000, "totalCashflowsFromInvestingActivities": -16599000000, "netBorrowings": -196000000, "totalCashFromFinancingActivities": -2911000000, "changeToOperatingActivities": 188000000, "changeInCash": -9590000000, "repurchaseOfStock": -2725000000, "effectOfExchangeRate": 91000000, "totalCashFromOperatingActivities": 9829000000, "depreciation": 1698000000, "otherCashflowsFromInvestingActivities": 279000000, "changeToAccountReceivables": -377000000, "otherCashflowsFromFinancingActivities": 10000000, "changeToNetincome": 223000000, "capitalExpenditures": -3689000000}}, "GOOGL": {"2021-06-30": {"intangibleAssets": 1626000000, "totalLiab": 97822000000, "totalStockholderEquity": 237565000000, "otherCurrentLiab": 28436000000, "totalAssets": 335387000000, "commonStock": 60436000000, "otherCurrentAssets": 6076000000, "retainedEarnings": 176939000000, "otherLiab": 16134000000, "goodWill": 22406000000, "treasuryStock": 190000000, "otherAssets": 4860000000, "cash": 23630000000, "totalCurrentLiabilities": 55741000000, "deferredLongTermAssetCharges": 1153000000, "otherStockholderEquity": 190000000, "propertyPlantEquipment": 104675000000, "totalCurrentAssets": 175697000000, "longTermInvestments": 26123000000, "netTangibleAssets": 213533000000, "shortTermInvestments": 112233000000, "netReceivables": 32851000000, "longTermDebt": 12837000000, "inventory": 907000000, "accountsPayable": 4708000000, "researchDevelopment": 7675000000, "effectOfAccountingCharges": null, "incomeBeforeTax": 21985000000, "minorityInterest": null, "netIncome": 18525000000, "sellingGeneralAdministrative": 8617000000, "grossProfit": 35653000000, "ebit": 19361000000, "operatingIncome": 19361000000, "otherOperatingExpenses": null, "interestExpense": -76000000, "extraordinaryItems": null, "nonRecurring": null, "otherItems": null, "incomeTaxExpense": 3460000000, "totalRevenue": 61880000000, "totalOperatingExpenses": 42519000000, "costOfRevenue": 26227000000, "totalOtherIncomeExpenseNet": 2624000000, "discontinuedOperations": null, "netIncomeFromContinuingOps": 18525000000, "netIncomeApplicableToCommonShares": 18525000000, "investments": -3293000000, "changeToLiabilities": -133000000, "totalCashflowsFromInvestingActivities": -9074000000, "netBorrowings": -1042000000, "totalCashFromFinancingActivities": -15991000000, "changeToOperatingActivities": 4005000000, "changeInCash": -2992000000, "repurchaseOfStock": -12796000000, "effectOfExchangeRate": 183000000, "totalCashFromOperatingActivities": 21890000000, "depreciation": 2945000000, "otherCashflowsFromInvestingActivities": 23000000, "changeToAccountReceivables": -3661000000, "otherCashflowsFromFinancingActivities": -2153000000, "changeToNetincome": 1291000000, "capitalExpenditures": -5496000000}, "2021-03-31": {"intangibleAssets": 1823000000, "totalLiab": 97082000000, "totalStockholderEquity": 230013000000, "otherCurrentLiab": 30087000000, "totalAssets": 327095000000, "commonStock": 59436000000, "otherCurrentAssets": 7646000000, "retainedEarnings": 170580000000, "otherLiab": 16360000000, "goodWill": 22341000000, "treasuryStock": -3000000, "otherAssets": 4833000000, "cash": 26622000000, "totalCurrentLiabilities": 55453000000, "deferredLongTermAssetCharges": 1129000000, "shortLongTermDebt": 1000000000, "otherStockholderEquity": -3000000, "propertyPlantEquipment": 100204000000, "totalCurrentAssets": 172137000000, "longTermInvestments": 25757000000, "netTangibleAssets": 205849000000, "shortTermInvestments": 108482000000, "netReceivables": 28499000000, "longTermDebt": 12835000000, "inventory": 888000000, "accountsPayable": 4801000000, "researchDevelopment": 7485000000, "effectOfAccountingCharges": null, "incomeBeforeTax": 21283000000, "minorityInterest": null, "netIncome": 17930000000, "sellingGeneralAdministrative": 7289000000, "grossProfit": 31211000000, "ebit": 16437000000, "operatingIncome": 16437000000, "otherOperatingExpenses": null, "interestExpense": -76000000, "extraordinaryItems": null, "nonRecurring": null, "otherItems": null, "incomeTaxExpense": 3353000000, "totalRevenue": 55314000000, "totalOperatingExpenses": 38877000000, "costOfRevenue": 24103000000, "totalOtherIncomeExpenseNet": 4846000000, "discontinuedOperations": null, "netIncomeFromContinuingOps": 17930000000, "netIncomeApplicableToCommonShares": 17930000000, "investments": 2195000000, "changeToLiabilities": -845000000, "totalCashflowsFromInvestingActivities": -5383000000, "netBorrowings": -37000000, "totalCashFromFinancingActivities": -13606000000, "changeToOperatingActivities": -3967000000, "changeInCash": 157000000, "repurchaseOfStock": -11395000000, "effectOfExchangeRate": -143000000, "totalCashFromOperatingActivities": 19289000000, "depreciation": 2742000000, "otherCashflowsFromInvestingActivities": 30000000, "changeToAccountReceivables": 2794000000, "otherCashflowsFromFinancingActivities": -2174000000, "changeToNetincome": -150000000, "capitalExpenditures": -5942000000}, "2020-12-31": {"intangibleAssets": 1445000000, "totalLiab": 97072000000, "totalStockholderEquity": 222544000000, "otherCurrentLiab": 27252000000, "totalAssets": 319616000000, "commonStock": 58510000000, "otherCurrentAssets": 5490000000, "retainedEarnings": 163401000000, "otherLiab": 15160000000, "goodWill": 21175000000, "treasuryStock": 633000000, "otherAssets": 4608000000, "cash": 26465000000, "totalCurrentLiabilities": 56834000000, "deferredLongTermAssetCharges": 1084000000, "shortLongTermDebt": 999000000, "otherStockholderEquity": 633000000, "propertyPlantEquipment": 96960000000, "totalCurrentAssets": 174296000000, "longTermInvestments": 21132000000, "netTangibleAssets": 199924000000, "shortTermInvestments": 110229000000, "netReceivables": 31384000000, "longTermDebt": 12832000000, "inventory": 728000000, "accountsPayable": 5589000000, "researchDevelopment": 7022000000, "effectOfAccountingCharges": null, "incomeBeforeTax": 18689000000, "minorityInterest": null, "netIncome": 15227000000, "sellingGeneralAdministrative": 8145000000, "grossProfit": 30818000000, "ebit": 15651000000, "operatingIncome": 15651000000, "otherOperatingExpenses": null, "interestExpense": -53000000, "extraordinaryItems": null, "nonRecurring": null, "otherItems": null, "incomeTaxExpense": 3462000000, "totalRevenue": 56898000000, "totalOperatingExpenses": 41247000000, "costOfRevenue": 26080000000, "totalOtherIncomeExpenseNet": 3038000000, "discontinuedOperations": null, "netIncomeFromContinuingOps": 15227000000, "netIncomeApplicableToCommonShares": 15227000000, "investments": -1375000000, "changeToLiabilities": 1170000000, "totalCashflowsFromInvestingActivities": -7281000000, "netBorrowings": -57000000, "totalCashFromFinancingActivities": -9270000000, "changeToOperatingActivities": 5237000000, "changeInCash": 6336000000, "repurchaseOfStock": -7904000000, "effectOfExchangeRate": 210000000, "totalCashFromOperatingActivities": 22677000000, "depreciation": 3726000000, "otherCashflowsFromInvestingActivities": -57000000, "changeToAccountReceivables": -5445000000, "otherCashflowsFromFinancingActivities": -1309000000, "changeToNetincome": 2022000000, "capitalExpenditures": -5479000000}, "2020-09-30": {"intangibleAssets": 1520000000, "totalLiab": 86323000000, "totalStockholderEquity": 212920000000, "otherCurrentLiab": 24068000000, "totalAssets": 299243000000, "commonStock": 57307000000, "otherCurrentAssets": 5425000000, "retainedEarnings": 155567000000, "otherLiab": 13237000000, "goodWill": 20870000000, "treasuryStock": 46000000, "otherAssets": 3799000000, "cash": 20129000000, "totalCurrentLiabilities": 48200000000, "deferredLongTermAssetCharges": 972000000, "shortLongTermDebt": 999000000, "otherStockholderEquity": 46000000, "propertyPlantEquipment": 93582000000, "totalCurrentAssets": 164369000000, "longTermInvestments": 15103000000, "netTangibleAssets": 190530000000, "shortTermInvestments": 112467000000, "netReceivables": 25513000000, "longTermDebt": 12828000000, "inventory": 835000000, "accountsPayable": 4391000000, "researchDevelopment": 6856000000, "effectOfAccountingCharges": null, "incomeBeforeTax": 13359000000, "minorityInterest": null, "netIncome": 11247000000, "sellingGeneralAdministrative": 6987000000, "grossProfit": 25056000000, "ebit": 11213000000, "operatingIncome": 11213000000, "otherOperatingExpenses": null, "interestExpense": -48000000, "extraordinaryItems": null, "nonRecurring": null, "otherItems": null, "incomeTaxExpense": 2112000000, "totalRevenue": 46173000000, "totalOperatingExpenses": 34960000000, "costOfRevenue": 21117000000, "totalOtherIncomeExpenseNet": 2146000000, "discontinuedOperations": null, "netIncomeFromContinuingOps": 11247000000, "netIncomeApplicableToCommonShares": 11247000000, "investments": -9372000000, "changeToLiabilities": 700000000, "totalCashflowsFromInvestingActivities": -15197000000, "netBorrowings": 9802000000, "totalCashFromFinancingActivities": 546000000, "changeToOperatingActivities": 3726000000, "changeInCash": 2387000000, "repurchaseOfStock": -7897000000, "effectOfExchangeRate": 35000000, "totalCashFromOperatingActivities": 17003000000, "depreciation": 3478000000, "otherCashflowsFromInvestingActivities": -406000000, "changeToAccountReceivables": -3601000000, "otherCashflowsFromFinancingActivities": -1359000000, "changeToNetincome": 1522000000, "capitalExpenditures": -5406000000}}, "ICE": {"2021-06-30": {"intangibleAssets": 14098000000, "capitalSurplus": 13952000000, "totalLiab": 112985000000, "totalStockholderEquity": 21080000000, "minorityInterest": 125000000, "otherCurrentLiab": 93086000000, "totalAssets": 134190000000, "commonStock": 6000000, "otherCurrentAssets": 93126000000, "retainedEarnings": 12563000000, "otherLiab": 4313000000, "goodWill": 21315000000, "treasuryStock": -5441000000, "otherAssets": 966000000, "cash": 602000000, "totalCurrentLiabilities": 94250000000, "otherStockholderEquity": -174000000, "propertyPlantEquipment": 1745000000, "totalCurrentAssets": 96066000000, "netTangibleAssets": -14333000000, "shortTermInvestments": 666000000, "netReceivables": 1300000000, "longTermDebt": 14135000000, "accountsPayable": 636000000, "researchDevelopment": null, "effectOfAccountingCharges": null, "incomeBeforeTax": 1932000000, "netIncome": 1252000000, "sellingGeneralAdministrative": 647000000, "grossProfit": 1707000000, "ebit": 809000000, "operatingIncome": 809000000, "otherOperatingExpenses": null, "interestExpense": -106000000, "extraordinaryItems": null, "nonRecurring": null, "otherItems": null, "incomeTaxExpense": 679000000, "totalRevenue": 1707000000, "totalOperatingExpenses": 898000000, "costOfRevenue": 0, "totalOtherIncomeExpenseNet": 1123000000, "discontinuedOperations": null, "netIncomeFromContinuingOps": 1253000000, "netIncomeApplicableToCommonShares": 1252000000, "investments": 1214000000, "changeToLiabilities": -96000000, "totalCashflowsFromInvestingActivities": 1082000000, "netBorrowings": -1749000000, "totalCashFromFinancingActivities": -1935000000, "changeToOperatingActivities": 250000000, "changeInCash": 21000000, "repurchaseOfStock": -2000000, "effectOfExchangeRate": 1000000, "totalCashFromOperatingActivities": 873000000, "depreciation": 251000000, "otherCashflowsFromInvestingActivities": -2000000, "dividendsPaid": -187000000, "changeToAccountReceivables": 229000000, "otherCashflowsFromFinancingActivities": 3000000, "changeToNetincome": -1013000000, "capitalExpenditures": -55000000}, "2021-03-31": {"intangibleAssets": 14242000000, "capitalSurplus": 13908000000, "totalLiab": 107960000000, "totalStockholderEquity": 19963000000, "minorityInterest": 122000000, "otherCurrentLiab": 86525000000, "totalAssets": 128045000000, "commonStock": 6000000, "otherCurrentAssets": 86673000000, "retainedEarnings": 11498000000, "otherLiab": 4121000000, "goodWill": 21304000000, "treasuryStock": -5449000000, "otherAssets": 1593000000, "cash": 562000000, "totalCurrentLiabilities": 89402000000, "otherStockholderEquity": -184000000, "propertyPlantEquipment": 1731000000, "totalCurrentAssets": 89175000000, "netTangibleAssets": -15583000000, "netReceivables": 1530000000, "longTermDebt": 14131000000, "accountsPayable": 673000000, "researchDevelopment": null, "effectOfAccountingCharges": null, "incomeBeforeTax": 833000000, "netIncome": 646000000, "sellingGeneralAdministrative": 632000000, "grossProfit": 1797000000, "ebit": 910000000, "operatingIncome": 910000000, "otherOperatingExpenses": null, "interestExpense": -107000000, "extraordinaryItems": null, "nonRecurring": null, "otherItems": null, "incomeTaxExpense": 183000000, "totalRevenue": 1797000000, "totalOperatingExpenses": 887000000, "costOfRevenue": 0, "totalOtherIncomeExpenseNet": -77000000, "discontinuedOperations": null, "netIncomeFromContinuingOps": 650000000, "netIncomeApplicableToCommonShares": 646000000, "investments": 1214000000, "changeToLiabilities": 375000000, "totalCashflowsFromInvestingActivities": -116000000, "netBorrowings": -343000000, "totalCashFromFinancingActivities": -583000000, "changeToOperatingActivities": -247000000, "changeInCash": 34000000, "repurchaseOfStock": -65000000, "effectOfExchangeRate": -1000000, "totalCashFromOperatingActivities": 734000000, "depreciation": 255000000, "otherCashflowsFromInvestingActivities": -2000000, "dividendsPaid": -187000000, "changeToAccountReceivables": -303000000, "otherCashflowsFromFinancingActivities": 12000000, "changeToNetincome": 8000000, "capitalExpenditures": -40000000}, "2020-12-31": {"intangibleAssets": 14737000000, "capitalSurplus": 13845000000, "totalLiab": 106573000000, "totalStockholderEquity": 19498000000, "minorityInterest": 129000000, "otherCurrentLiab": 84521000000, "totalAssets": 126200000000, "commonStock": 6000000, "otherCurrentAssets": 85083000000, "retainedEarnings": 11039000000, "otherLiab": 4128000000, "goodWill": 21291000000, "treasuryStock": -5392000000, "otherAssets": 903000000, "cash": 583000000, "totalCurrentLiabilities": 87999000000, "otherStockholderEquity": -192000000, "propertyPlantEquipment": 1384000000, "totalCurrentAssets": 87219000000, "longTermInvestments": 666000000, "netTangibleAssets": -16530000000, "netReceivables": 1230000000, "longTermDebt": 14126000000, "accountsPayable": 639000000, "researchDevelopment": null, "effectOfAccountingCharges": null, "incomeBeforeTax": 674000000, "netIncome": 526000000, "sellingGeneralAdministrative": 625000000, "grossProfit": 1671000000, "ebit": 800000000, "operatingIncome": 800000000, "otherOperatingExpenses": null, "interestExpense": -112000000, "extraordinaryItems": null, "nonRecurring": null, "otherItems": null, "incomeTaxExpense": 146000000, "totalRevenue": 1671000000, "totalOperatingExpenses": 871000000, "costOfRevenue": 0, "totalOtherIncomeExpenseNet": -126000000, "discontinuedOperations": null, "netIncomeFromContinuingOps": 528000000, "netIncomeApplicableToCommonShares": 526000000, "investments": -1000000, "changeToLiabilities": -118000000, "totalCashflowsFromInvestingActivities": -128000000, "netBorrowings": -801000000, "totalCashFromFinancingActivities": -965000000, "changeToOperatingActivities": 293000000, "changeInCash": -20000000, "repurchaseOfStock": -2000000, "effectOfExchangeRate": 7000000, "totalCashFromOperatingActivities": 1066000000, "depreciation": 67000000, "otherCashflowsFromInvestingActivities": 22000000, "dividendsPaid": -169000000, "changeToAccountReceivables": 79000000, "otherCashflowsFromFinancingActivities": 7000000, "changeToNetincome": 40000000, "capitalExpenditures": -93000000}, "2020-09-30": {"intangibleAssets": 14507000000, "capitalSurplus": 13804000000, "totalLiab": 108934000000, "totalStockholderEquity": 19021000000, "minorityInterest": 125000000, "otherCurrentLiab": 86355000000, "totalAssets": 128080000000, "commonStock": 6000000, "otherCurrentAssets": 86893000000, "retainedEarnings": 10682000000, "otherLiab": 4064000000, "goodWill": 21243000000, "treasuryStock": -5471000000, "otherAssets": 1500000000, "cash": 610000000, "totalCurrentLiabilities": 89686000000, "otherStockholderEquity": -273000000, "propertyPlantEquipment": 1693000000, "totalCurrentAssets": 89137000000, "netTangibleAssets": -16729000000, "netReceivables": 1310000000, "longTermDebt": 14869000000, "accountsPayable": 594000000, "researchDevelopment": null, "effectOfAccountingCharges": null, "incomeBeforeTax": 583000000, "netIncome": 390000000, "sellingGeneralAdministrative": 528000000, "grossProfit": 1411000000, "ebit": 703000000, "operatingIncome": 703000000, "otherOperatingExpenses": null, "interestExpense": -89000000, "extraordinaryItems": null, "nonRecurring": null, "otherItems": null, "incomeTaxExpense": 189000000, "totalRevenue": 1411000000, "totalOperatingExpenses": 708000000, "costOfRevenue": 0, "totalOtherIncomeExpenseNet": -120000000, "discontinuedOperations": null, "netIncomeFromContinuingOps": 394000000, "netIncomeApplicableToCommonShares": 390000000, "investments": 2000000, "changeToLiabilities": -133000000, "totalCashflowsFromInvestingActivities": -9310000000, "netBorrowings": 8915000000, "totalCashFromFinancingActivities": 8598000000, "changeToOperatingActivities": -144000000, "changeInCash": -270000000, "repurchaseOfStock": -148000000, "effectOfExchangeRate": 5000000, "totalCashFromOperatingActivities": 437000000, "depreciation": 180000000, "otherCashflowsFromInvestingActivities": 22000000, "dividendsPaid": -170000000, "changeToAccountReceivables": 77000000, "otherCashflowsFromFinancingActivities": 1000000, "changeToNetincome": 67000000, "capitalExpenditures": -66000000}}, "ILMN": {"2021-07-04": {"intangibleAssets": 162000000, "capitalSurplus": 3993000000, "totalLiab": 3495000000, "totalStockholderEquity": 5180000000, "otherCurrentLiab": 339000000, "totalAssets": 8675000000, "commonStock": 2000000, "retainedEarnings": 5055000000, "otherLiab": 238000000, "goodWill": 966000000, "treasuryStock": -3870000000, "otherAssets": 274000000, "cash": 4196000000, "totalCurrentLiabilities": 874000000, "otherStockholderEquity": 8000000, "propertyPlantEquipment": 1481000000, "totalCurrentAssets": 5310000000, "longTermInvestments": 482000000, "netTangibleAssets": 4052000000, "shortTermInvestments": 90000000, "netReceivables": 540000000, "longTermDebt": 1679000000, "inventory": 380000000, "accountsPayable": 200000000, "researchDevelopment": 202000000, "effectOfAccountingCharges": null, "incomeBeforeTax": 207000000, "minorityInterest": null, "netIncome": 185000000, "sellingGeneralAdministrative": 413000000, "grossProfit": 809000000, "ebit": 187000000, "operatingIncome": 187000000, "otherOperatingExpenses": null, "interestExpense": -16000000, "extraordinaryItems": null, "nonRecurring": null, "otherItems": null, "incomeTaxExpense": 22000000, "totalRevenue": 1126000000, "totalOperatingExpenses": 939000000, "costOfRevenue": 317000000, "totalOtherIncomeExpenseNet": 20000000, "discontinuedOperations": null, "netIncomeFromContinuingOps": 185000000, "netIncomeApplicableToCommonShares": 185000000, "investments": 127000000, "changeToLiabilities": 20000000, "totalCashflowsFromInvestingActivities": 3000000, "netBorrowings": -490000000, "totalCashFromFinancingActivities": -496000000, "changeToOperatingActivities": 51000000, "changeInCash": -237000000, "repurchaseOfStock": -6000000, "effectOfExchangeRate": 3000000, "totalCashFromOperatingActivities": 253000000, "depreciation": 49000000, "changeToInventory": -17000000, "changeToAccountReceivables": -22000000, "changeToNetincome": -23000000, "capitalExpenditures": -44000000}, "2021-04-04": {"intangibleAssets": 134000000, "capitalSurplus": 3914000000, "totalLiab": 3833000000, "totalStockholderEquity": 4922000000, "otherCurrentLiab": 319000000, "totalAssets": 8755000000, "commonStock": 2000000, "retainedEarnings": 4870000000, "otherLiab": 229000000, "goodWill": 897000000, "treasuryStock": -3864000000, "otherAssets": 185000000, "cash": 4433000000, "totalCurrentLiabilities": 1268000000, "shortLongTermDebt": 488000000, "otherStockholderEquity": 8000000, "propertyPlantEquipment": 1444000000, "totalCurrentAssets": 5642000000, "longTermInvestments": 453000000, "netTangibleAssets": 3891000000, "shortTermInvestments": 197000000, "netReceivables": 517000000, "longTermDebt": 1672000000, "inventory": 364000000, "accountsPayable": 178000000, "researchDevelopment": 197000000, "effectOfAccountingCharges": null, "incomeBeforeTax": 169000000, "minorityInterest": null, "netIncome": 147000000, "sellingGeneralAdministrative": 374000000, "grossProfit": 770000000, "ebit": 193000000, "operatingIncome": 193000000, "otherOperatingExpenses": null, "interestExpense": -19000000, "extraordinaryItems": null, "nonRecurring": null, "otherItems": null, "incomeTaxExpense": 22000000, "totalRevenue": 1093000000, "totalOperatingExpenses": 900000000, "costOfRevenue": 323000000, "totalOtherIncomeExpenseNet": -24000000, "discontinuedOperations": null, "netIncomeFromContinuingOps": 147000000, "netIncomeApplicableToCommonShares": 147000000, "investments": 1366000000, "changeToLiabilities": -8000000, "totalCashflowsFromInvestingActivities": 1376000000, "netBorrowings": 961000000, "totalCashFromFinancingActivities": 968000000, "changeToOperatingActivities": 101000000, "issuanceOfStock": 31000000, "changeInCash": 2623000000, "repurchaseOfStock": -24000000, "effectOfExchangeRate": -3000000, "totalCashFromOperatingActivities": 282000000, "depreciation": 48000000, "otherCashflowsFromInvestingActivities": 52000000, "changeToInventory": 8000000, "changeToAccountReceivables": -39000000, "changeToNetincome": 15000000, "capitalExpenditures": -42000000}, "2021-01-03": {"intangibleAssets": 142000000, "capitalSurplus": 3815000000, "totalLiab": 2891000000, "totalStockholderEquity": 4694000000, "otherCurrentLiab": 267000000, "totalAssets": 7585000000, "commonStock": 2000000, "retainedEarnings": 4723000000, "otherLiab": 303000000, "goodWill": 897000000, "treasuryStock": -3846000000, "otherAssets": 191000000, "cash": 1810000000, "totalCurrentLiabilities": 1244000000, "deferredLongTermAssetCharges": 20000000, "shortLongTermDebt": 511000000, "otherStockholderEquity": 2000000, "propertyPlantEquipment": 1454000000, "totalCurrentAssets": 4483000000, "longTermInvestments": 418000000, "netTangibleAssets": 3655000000, "shortTermInvestments": 1662000000, "netReceivables": 487000000, "longTermDebt": 673000000, "inventory": 372000000, "accountsPayable": 192000000, "researchDevelopment": 126000000, "effectOfAccountingCharges": null, "incomeBeforeTax": 299000000, "minorityInterest": null, "netIncome": 257000000, "sellingGeneralAdministrative": 373000000, "grossProfit": 637000000, "ebit": 131000000, "operatingIncome": 131000000, "otherOperatingExpenses": null, "interestExpense": -16000000, "extraordinaryItems": null, "nonRecurring": null, "otherItems": null, "incomeTaxExpense": 42000000, "totalRevenue": 953000000, "totalOperatingExpenses": 822000000, "costOfRevenue": 316000000, "totalOtherIncomeExpenseNet": 168000000, "discontinuedOperations": null, "netIncomeFromContinuingOps": 257000000, "netIncomeApplicableToCommonShares": 257000000, "investments": 28000000, "changeToLiabilities": 42000000, "totalCashflowsFromInvestingActivities": -34000000, "netBorrowings": 961000000, "totalCashFromFinancingActivities": -331000000, "changeToOperatingActivities": 37000000, "issuanceOfStock": 31000000, "changeInCash": 49000000, "repurchaseOfStock": -331000000, "effectOfExchangeRate": 8000000, "totalCashFromOperatingActivities": 406000000, "depreciation": 50000000, "otherCashflowsFromInvestingActivities": 52000000, "changeToInventory": 44000000, "changeToAccountReceivables": -19000000, "changeToNetincome": -16000000, "capitalExpenditures": -62000000}, "2020-09-27": {"intangibleAssets": 149000000, "capitalSurplus": 3737000000, "totalLiab": 2704000000, "totalStockholderEquity": 4700000000, "otherCurrentLiab": 210000000, "totalAssets": 7404000000, "commonStock": 2000000, "retainedEarnings": 4466000000, "otherLiab": 245000000, "goodWill": 897000000, "treasuryStock": -3505000000, "otherAssets": 179000000, "cash": 1761000000, "totalCurrentLiabilities": 1115000000, "deferredLongTermAssetCharges": 19000000, "shortLongTermDebt": 507000000, "otherStockholderEquity": 12000000, "propertyPlantEquipment": 1455000000, "totalCurrentAssets": 4329000000, "longTermInvestments": 395000000, "netTangibleAssets": 3654000000, "shortTermInvestments": 1563000000, "netReceivables": 464000000, "longTermDebt": 666000000, "inventory": 415000000, "accountsPayable": 156000000, "researchDevelopment": 172000000, "effectOfAccountingCharges": null, "incomeBeforeTax": 215000000, "minorityInterest": null, "netIncome": 179000000, "sellingGeneralAdministrative": 217000000, "grossProfit": 533000000, "ebit": 137000000, "operatingIncome": 137000000, "otherOperatingExpenses": null, "interestExpense": -11000000, "extraordinaryItems": null, "nonRecurring": null, "otherItems": null, "incomeTaxExpense": 36000000, "totalRevenue": 794000000, "totalOperatingExpenses": 657000000, "costOfRevenue": 261000000, "totalOtherIncomeExpenseNet": 78000000, "discontinuedOperations": null, "netIncomeFromContinuingOps": 179000000, "netIncomeApplicableToCommonShares": 179000000, "investments": -14000000, "changeToLiabilities": 11000000, "totalCashflowsFromInvestingActivities": -65000000, "netBorrowings": 961000000, "totalCashFromFinancingActivities": -101000000, "changeToOperatingActivities": -43000000, "issuanceOfStock": 27000000, "changeInCash": -9000000, "repurchaseOfStock": -128000000, "effectOfExchangeRate": 4000000, "totalCashFromOperatingActivities": 153000000, "depreciation": 47000000, "otherCashflowsFromInvestingActivities": 52000000, "changeToInventory": 19000000, "changeToAccountReceivables": -82000000, "changeToNetincome": 12000000, "capitalExpenditures": -48000000}}, "INTU": {"2021-07-31": {"intangibleAssets": 3252000000, "capitalSurplus": 10545000000, "totalLiab": 5647000000, "totalStockholderEquity": 9869000000, "otherCurrentLiab": 1272000000, "totalAssets": 15516000000, "commonStock": 3000000, "otherCurrentAssets": 457000000, "retainedEarnings": 12296000000, "otherLiab": 578000000, "goodWill": 5613000000, "treasuryStock": -12975000000, "otherAssets": 291000000, "cash": 2562000000, "totalCurrentLiabilities": 2655000000, "deferredLongTermAssetCharges": 8000000, "otherStockholderEquity": -24000000, "propertyPlantEquipment": 1160000000, "totalCurrentAssets": 5157000000, "longTermInvestments": 43000000, "netTangibleAssets": 1004000000, "shortTermInvestments": 1308000000, "netReceivables": 653000000, "longTermDebt": 2034000000, "accountsPayable": 623000000, "researchDevelopment": 521000000, "effectOfAccountingCharges": null, "incomeBeforeTax": 403000000, "minorityInterest": null, "netIncome": 380000000, "sellingGeneralAdministrative": 1119000000, "grossProfit": 2111000000, "ebit": 402000000, "operatingIncome": 402000000, "otherOperatingExpenses": null, "interestExpense": -7000000, "extraordinaryItems": null, "nonRecurring": null, "otherItems": null, "incomeTaxExpense": 23000000, "totalRevenue": 2561000000, "totalOperatingExpenses": 2159000000, "costOfRevenue": 450000000, "totalOtherIncomeExpenseNet": 1000000, "discontinuedOperations": null, "netIncomeFromContinuingOps": 380000000, "netIncomeApplicableToCommonShares": 380000000, "investments": -359000000, "changeToLiabilities": 47000000, "totalCashflowsFromInvestingActivities": -437000000, "totalCashFromFinancingActivities": -597000000, "changeToOperatingActivities": 5000000, "issuanceOfStock": 59000000, "changeInCash": -493000000, "repurchaseOfStock": -601000000, "effectOfExchangeRate": -1000000, "totalCashFromOperatingActivities": 542000000, "depreciation": 98000000, "otherCashflowsFromInvestingActivities": -7000000, "dividendsPaid": -164000000, "changeToAccountReceivables": 163000000, "otherCashflowsFromFinancingActivities": 109000000, "changeToNetincome": 159000000, "capitalExpenditures": 48000000}, "2021-04-30": {"intangibleAssets": 3321000000, "totalLiab": 5803000000, "totalStockholderEquity": 9955000000, "otherCurrentLiab": 1386000000, "totalAssets": 15758000000, "commonStock": 10382000000, "otherCurrentAssets": 348000000, "retainedEarnings": 12081000000, "otherLiab": 693000000, "goodWill": 5614000000, "treasuryStock": -12508000000, "otherAssets": 294000000, "cash": 3164000000, "totalCurrentLiabilities": 2712000000, "deferredLongTermAssetCharges": 7000000, "otherStockholderEquity": -24000000, "propertyPlantEquipment": 1161000000, "totalCurrentAssets": 5327000000, "longTermInvestments": 41000000, "netTangibleAssets": 1020000000, "shortTermInvestments": 952000000, "netReceivables": 651000000, "longTermDebt": 2033000000, "accountsPayable": 601000000, "researchDevelopment": 464000000, "effectOfAccountingCharges": null, "incomeBeforeTax": 1921000000, "minorityInterest": null, "netIncome": 1464000000, "sellingGeneralAdministrative": 1146000000, "grossProfit": 3592000000, "ebit": 1914000000, "operatingIncome": 1914000000, "otherOperatingExpenses": null, "interestExpense": -7000000, "extraordinaryItems": null, "nonRecurring": null, "otherItems": null, "incomeTaxExpense": 457000000, "totalRevenue": 4173000000, "totalOperatingExpenses": 2259000000, "costOfRevenue": 581000000, "totalOtherIncomeExpenseNet": 7000000, "discontinuedOperations": null, "netIncomeFromContinuingOps": 1464000000, "netIncomeApplicableToCommonShares": 1464000000, "investments": -170000000, "changeToLiabilities": 4000000, "totalCashflowsFromInvestingActivities": -262000000, "netBorrowings": -325000000, "totalCashFromFinancingActivities": -992000000, "changeToOperatingActivities": 243000000, "issuanceOfStock": 29000000, "changeInCash": 1134000000, "repurchaseOfStock": -455000000, "effectOfExchangeRate": 4000000, "totalCashFromOperatingActivities": 2384000000, "depreciation": 99000000, "otherCashflowsFromInvestingActivities": -11000000, "dividendsPaid": -161000000, "changeToAccountReceivables": -89000000, "otherCashflowsFromFinancingActivities": -80000000, "changeToNetincome": 293000000, "capitalExpenditures": -30000000}, "2021-01-31": {"intangibleAssets": 3384000000, "totalLiab": 5730000000, "totalStockholderEquity": 8868000000, "otherCurrentLiab": 1298000000, "totalAssets": 14598000000, "commonStock": 10212000000, "otherCurrentAssets": 426000000, "retainedEarnings": 10783000000, "otherLiab": 629000000, "goodWill": 5598000000, "treasuryStock": -12127000000, "otherAssets": 297000000, "cash": 1952000000, "totalCurrentLiabilities": 2677000000, "deferredLongTermAssetCharges": 6000000, "shortLongTermDebt": 325000000, "otherStockholderEquity": -23000000, "propertyPlantEquipment": 1184000000, "totalCurrentAssets": 4094000000, "longTermInvestments": 41000000, "netTangibleAssets": -114000000, "shortTermInvestments": 786000000, "netReceivables": 618000000, "longTermDebt": 2033000000, "accountsPayable": 486000000, "researchDevelopment": 368000000, "effectOfAccountingCharges": null, "incomeBeforeTax": 22000000, "minorityInterest": null, "netIncome": 20000000, "sellingGeneralAdministrative": 804000000, "grossProfit": 1223000000, "ebit": 1000000, "operatingIncome": 1000000, "otherOperatingExpenses": null, "interestExpense": -7000000, "extraordinaryItems": null, "nonRecurring": null, "otherItems": null, "incomeTaxExpense": 2000000, "totalRevenue": 1576000000, "totalOperatingExpenses": 1575000000, "costOfRevenue": 353000000, "totalOtherIncomeExpenseNet": 21000000, "discontinuedOperations": null, "netIncomeFromContinuingOps": 20000000, "netIncomeApplicableToCommonShares": 20000000, "investments": -169000000, "changeToLiabilities": 320000000, "totalCashflowsFromInvestingActivities": -3136000000, "netBorrowings": -325000000, "totalCashFromFinancingActivities": -434000000, "changeToOperatingActivities": -17000000, "issuanceOfStock": 20000000, "changeInCash": -3280000000, "repurchaseOfStock": -233000000, "effectOfExchangeRate": 11000000, "totalCashFromOperatingActivities": 279000000, "depreciation": 77000000, "otherCashflowsFromInvestingActivities": 61000000, "dividendsPaid": -163000000, "changeToAccountReceivables": -225000000, "otherCashflowsFromFinancingActivities": -58000000, "changeToNetincome": 155000000, "capitalExpenditures": -33000000}, "2020-10-31": {"intangibleAssets": 63000000, "totalLiab": 4462000000, "totalStockholderEquity": 5245000000, "otherCurrentLiab": 1137000000, "totalAssets": 9707000000, "commonStock": 6283000000, "otherCurrentAssets": 484000000, "retainedEarnings": 10926000000, "otherLiab": 50000000, "goodWill": 1697000000, "treasuryStock": -11964000000, "otherAssets": 293000000, "cash": 5174000000, "totalCurrentLiabilities": 2152000000, "deferredLongTermAssetCharges": 60000000, "shortLongTermDebt": 325000000, "otherStockholderEquity": -35000000, "propertyPlantEquipment": 975000000, "totalCurrentAssets": 6651000000, "longTermInvestments": 28000000, "netTangibleAssets": 3485000000, "shortTermInvestments": 619000000, "netReceivables": 154000000, "longTermDebt": 2032000000, "accountsPayable": 256000000, "researchDevelopment": 325000000, "effectOfAccountingCharges": null, "incomeBeforeTax": 210000000, "minorityInterest": null, "netIncome": 198000000, "sellingGeneralAdministrative": 531000000, "grossProfit": 1074000000, "ebit": 209000000, "operatingIncome": 209000000, "otherOperatingExpenses": null, "interestExpense": -8000000, "extraordinaryItems": null, "nonRecurring": null, "otherItems": null, "incomeTaxExpense": 12000000, "totalRevenue": 1323000000, "totalOperatingExpenses": 1114000000, "costOfRevenue": 249000000, "totalOtherIncomeExpenseNet": 1000000, "discontinuedOperations": null, "netIncomeFromContinuingOps": 198000000, "netIncomeApplicableToCommonShares": 198000000, "investments": -12000000, "changeToLiabilities": -143000000, "totalCashflowsFromInvestingActivities": -130000000, "netBorrowings": -1013000000, "totalCashFromFinancingActivities": -1153000000, "changeToOperatingActivities": -315000000, "issuanceOfStock": 88000000, "changeInCash": -1239000000, "repurchaseOfStock": -99000000, "effectOfExchangeRate": -1000000, "totalCashFromOperatingActivities": 45000000, "depreciation": 39000000, "otherCashflowsFromInvestingActivities": -13000000, "dividendsPaid": -158000000, "changeToAccountReceivables": 47000000, "otherCashflowsFromFinancingActivities": 29000000, "changeToNetincome": 229000000, "capitalExpenditures": -38000000}}, "JNJ": {"2021-07-04": {"intangibleAssets": 50244000000, "totalLiab": 106860000000, "totalStockholderEquity": 69580000000, "otherCurrentLiab": 1200000000, "totalAssets": 176440000000, "commonStock": 3120000000, "retainedEarnings": 120154000000, "otherLiab": 37829000000, "goodWill": 35819000000, "treasuryStock": -53694000000, "otherAssets": 16298000000, "cash": 14332000000, "totalCurrentLiabilities": 38721000000, "deferredLongTermAssetCharges": 10804000000, "otherStockholderEquity": -15100000000, "propertyPlantEquipment": 18632000000, "totalCurrentAssets": 53769000000, "longTermInvestments": 1678000000, "netTangibleAssets": -16483000000, "shortTermInvestments": 10974000000, "netReceivables": 14871000000, "longTermDebt": 30310000000, "inventory": 10100000000, "accountsPayable": 8704000000, "researchDevelopment": 3394000000, "effectOfAccountingCharges": null, "incomeBeforeTax": 6662000000, "minorityInterest": null, "netIncome": 6278000000, "sellingGeneralAdministrative": 5939000000, "grossProfit": 15745000000, "ebit": 6412000000, "operatingIncome": 6412000000, "otherOperatingExpenses": null, "interestExpense": -40000000, "extraordinaryItems": null, "nonRecurring": null, "otherItems": null, "incomeTaxExpense": 384000000, "totalRevenue": 23312000000, "totalOperatingExpenses": 16900000000, "costOfRevenue": 7567000000, "totalOtherIncomeExpenseNet": 250000000, "discontinuedOperations": null, "netIncomeFromContinuingOps": 6278000000, "netIncomeApplicableToCommonShares": 6278000000, "investments": 950000000, "changeToLiabilities": -1714000000, "totalCashflowsFromInvestingActivities": -419000000, "netBorrowings": -189000000, "totalCashFromFinancingActivities": -3279000000, "changeToOperatingActivities": -1355000000, "issuanceOfStock": 307000000, "changeInCash": 1661000000, "repurchaseOfStock": -631000000, "effectOfExchangeRate": 45000000, "totalCashFromOperatingActivities": 5314000000, "depreciation": 1839000000, "otherCashflowsFromInvestingActivities": -607000000, "dividendsPaid": -2791000000, "changeToInventory": -123000000, "changeToAccountReceivables": 38000000, "otherCashflowsFromFinancingActivities": 25000000, "changeToNetincome": 351000000, "capitalExpenditures": -813000000}, "2021-04-04": {"intangibleAssets": 51110000000, "totalLiab": 106723000000, "totalStockholderEquity": 65834000000, "otherCurrentLiab": 1877000000, "totalAssets": 172557000000, "commonStock": 3120000000, "retainedEarnings": 116508000000, "otherLiab": 35528000000, "goodWill": 35688000000, "treasuryStock": -53794000000, "otherAssets": 13407000000, "cash": 12671000000, "totalCurrentLiabilities": 40932000000, "deferredLongTermAssetCharges": 8321000000, "otherStockholderEquity": -15328000000, "propertyPlantEquipment": 18367000000, "totalCurrentAssets": 52533000000, "longTermInvestments": 1452000000, "netTangibleAssets": -20964000000, "shortTermInvestments": 11948000000, "netReceivables": 14938000000, "longTermDebt": 30263000000, "inventory": 9952000000, "accountsPayable": 8503000000, "researchDevelopment": 3178000000, "effectOfAccountingCharges": null, "incomeBeforeTax": 7429000000, "minorityInterest": null, "netIncome": 6197000000, "sellingGeneralAdministrative": 5263000000, "grossProfit": 15285000000, "ebit": 6844000000, "operatingIncome": 6844000000, "otherOperatingExpenses": null, "interestExpense": -63000000, "extraordinaryItems": null, "nonRecurring": null, "otherItems": null, "incomeTaxExpense": 1232000000, "totalRevenue": 22321000000, "totalOperatingExpenses": 15477000000, "costOfRevenue": 7036000000, "totalOtherIncomeExpenseNet": 585000000, "discontinuedOperations": null, "netIncomeFromContinuingOps": 6197000000, "netIncomeApplicableToCommonShares": 6197000000, "investments": -761000000, "changeToLiabilities": -2336000000, "totalCashflowsFromInvestingActivities": -185000000, "netBorrowings": -1452000000, "totalCashFromFinancingActivities": -5125000000, "changeToOperatingActivities": 1620000000, "issuanceOfStock": 236000000, "changeInCash": -1314000000, "repurchaseOfStock": -1438000000, "effectOfExchangeRate": -78000000, "totalCashFromOperatingActivities": 4074000000, "depreciation": 1894000000, "otherCashflowsFromInvestingActivities": 650000000, "dividendsPaid": -2659000000, "changeToInventory": -695000000, "changeToAccountReceivables": -1604000000, "otherCashflowsFromFinancingActivities": 188000000, "changeToNetincome": -1002000000, "capitalExpenditures": -677000000}, "2021-01-03": {"intangibleAssets": 53402000000, "totalLiab": 111616000000, "totalStockholderEquity": 63278000000, "otherCurrentLiab": 1392000000, "totalAssets": 174894000000, "commonStock": 3120000000, "otherCurrentAssets": 898000000, "retainedEarnings": 113890000000, "otherLiab": 35388000000, "goodWill": 36393000000, "treasuryStock": -53732000000, "otherAssets": 11903000000, "cash": 13985000000, "totalCurrentLiabilities": 42493000000, "deferredLongTermAssetCharges": 8534000000, "shortLongTermDebt": 1799000000, "otherStockholderEquity": -15242000000, "propertyPlantEquipment": 19766000000, "totalCurrentAssets": 51237000000, "longTermInvestments": 2193000000, "netTangibleAssets": -26517000000, "shortTermInvestments": 11200000000, "netReceivables": 13576000000, "longTermDebt": 32635000000, "inventory": 9344000000, "accountsPayable": 9505000000, "researchDevelopment": 4032000000, "effectOfAccountingCharges": null, "incomeBeforeTax": 1647000000, "minorityInterest": null, "netIncome": 1738000000, "sellingGeneralAdministrative": 6714000000, "grossProfit": 14692000000, "ebit": 3946000000, "operatingIncome": 3946000000, "otherOperatingExpenses": null, "interestExpense": -87000000, "extraordinaryItems": null, "nonRecurring": null, "otherItems": null, "incomeTaxExpense": -91000000, "totalRevenue": 22475000000, "totalOperatingExpenses": 18529000000, "costOfRevenue": 7783000000, "totalOtherIncomeExpenseNet": -2299000000, "discontinuedOperations": null, "netIncomeFromContinuingOps": 1738000000, "netIncomeApplicableToCommonShares": 1738000000, "investments": 706000000, "changeToLiabilities": 5260000000, "totalCashflowsFromInvestingActivities": -7903000000, "netBorrowings": -2799000000, "totalCashFromFinancingActivities": -5644000000, "changeToOperatingActivities": -1558000000, "issuanceOfStock": 192000000, "changeInCash": -4980000000, "repurchaseOfStock": -321000000, "effectOfExchangeRate": 224000000, "totalCashFromOperatingActivities": 8343000000, "depreciation": 1940000000, "otherCashflowsFromInvestingActivities": -1117000000, "dividendsPaid": -2658000000, "changeToInventory": 519000000, "changeToAccountReceivables": 1214000000, "otherCashflowsFromFinancingActivities": -58000000, "changeToNetincome": -770000000, "capitalExpenditures": -1323000000}, "2020-09-27": {"intangibleAssets": 47006000000, "totalLiab": 106220000000, "totalStockholderEquity": 64473000000, "otherCurrentLiab": 1666000000, "totalAssets": 170693000000, "commonStock": 3120000000, "otherCurrentAssets": 91000000, "retainedEarnings": 114831000000, "otherLiab": 34693000000, "goodWill": 34307000000, "treasuryStock": -53478000000, "otherAssets": 12807000000, "cash": 18965000000, "totalCurrentLiabilities": 38847000000, "deferredLongTermAssetCharges": 7816000000, "otherStockholderEquity": -14938000000, "propertyPlantEquipment": 17855000000, "totalCurrentAssets": 57578000000, "longTermInvestments": 1140000000, "netTangibleAssets": -16840000000, "shortTermInvestments": 11816000000, "netReceivables": 14579000000, "longTermDebt": 32680000000, "inventory": 9599000000, "accountsPayable": 7044000000, "researchDevelopment": 2840000000, "effectOfAccountingCharges": null, "incomeBeforeTax": 4401000000, "minorityInterest": null, "netIncome": 3554000000, "sellingGeneralAdministrative": 5336000000, "grossProfit": 14142000000, "ebit": 5966000000, "operatingIncome": 5966000000, "otherOperatingExpenses": null, "interestExpense": -44000000, "extraordinaryItems": null, "nonRecurring": null, "otherItems": null, "incomeTaxExpense": 847000000, "totalRevenue": 21082000000, "totalOperatingExpenses": 15116000000, "costOfRevenue": 6940000000, "totalOtherIncomeExpenseNet": -1565000000, "discontinuedOperations": null, "netIncomeFromContinuingOps": 3554000000, "netIncomeApplicableToCommonShares": 3554000000, "investments": -3524000000, "changeToLiabilities": 2200000000, "totalCashflowsFromInvestingActivities": -4819000000, "netBorrowings": 7204000000, "totalCashFromFinancingActivities": 4196000000, "changeToOperatingActivities": 475000000, "issuanceOfStock": 214000000, "changeInCash": 7791000000, "repurchaseOfStock": -483000000, "effectOfExchangeRate": 31000000, "totalCashFromOperatingActivities": 8383000000, "depreciation": 1818000000, "otherCashflowsFromInvestingActivities": -571000000, "dividendsPaid": -2659000000, "changeToInventory": -147000000, "changeToAccountReceivables": 80000000, "otherCashflowsFromFinancingActivities": -80000000, "changeToNetincome": 403000000, "capitalExpenditures": -737000000}}, "JPM": {"2021-06-30": {"intangibleAssets": 5399000000, "capitalSurplus": 88194000000, "totalLiab": 3397870000000, "totalStockholderEquity": 253548000000, "otherCurrentLiab": 127822000000, "totalAssets": 3684256000000, "commonStock": 4105000000, "otherCurrentAssets": 286481000000, "retainedEarnings": 256983000000, "otherLiab": 2998000000, "goodWill": 49256000000, "treasuryStock": -95734000000, "otherAssets": 1254801000000, "cash": 686421000000, "totalCurrentLiabilities": 3072257000000, "otherStockholderEquity": 2570000000, "propertyPlantEquipment": 45931000000, "totalCurrentAssets": 1754600000000, "longTermInvestments": 574269000000, "netTangibleAssets": 203442000000, "shortTermInvestments": 260987000000, "longTermDebt": 314329000000, "inventory": 123000000, "accountsPayable": 2537215000000, "researchDevelopment": null, "effectOfAccountingCharges": null, "incomeBeforeTax": 15097000000, "minorityInterest": null, "netIncome": 11948000000, "sellingGeneralAdministrative": 16403000000, "grossProfit": 32764000000, "ebit": 0, "operatingIncome": 15282000000, "otherOperatingExpenses": 1079000000, "interestExpense": null, "extraordinaryItems": null, "nonRecurring": null, "otherItems": null, "incomeTaxExpense": 3149000000, "totalRevenue": 32764000000, "totalOperatingExpenses": 17482000000, "costOfRevenue": 0, "totalOtherIncomeExpenseNet": -185000000, "discontinuedOperations": null, "netIncomeFromContinuingOps": 11948000000, "netIncomeApplicableToCommonShares": 11496000000, "investments": 24814000000, "changeToLiabilities": 7213000000, "totalCashflowsFromInvestingActivities": 17698000000, "netBorrowings": -48220000000, "totalCashFromFinancingActivities": -37943000000, "changeToOperatingActivities": -14823000000, "changeInCash": -5651000000, "repurchaseOfStock": -6194000000, "effectOfExchangeRate": 1064000000, "totalCashFromOperatingActivities": 13530000000, "depreciation": 2003000000, "otherCashflowsFromInvestingActivities": 8639000000, "dividendsPaid": -3121000000, "otherCashflowsFromFinancingActivities": 18317000000, "changeToNetincome": -14463000000}, "2021-03-31": {"intangibleAssets": 5345000000, "capitalSurplus": 88005000000, "totalLiab": 3408622000000, "totalStockholderEquity": 249151000000, "otherCurrentLiab": 130909000000, "totalAssets": 3689336000000, "commonStock": 4105000000, "otherCurrentAssets": 269033000000, "retainedEarnings": 248151000000, "otherLiab": 2519000000, "goodWill": 49243000000, "treasuryStock": -91110000000, "otherAssets": 1214132000000, "cash": 689972000000, "totalCurrentLiabilities": 3102584000000, "otherStockholderEquity": 1041000000, "propertyPlantEquipment": 46926000000, "totalCurrentAssets": 1775673000000, "longTermInvestments": 598017000000, "netTangibleAssets": 199033000000, "shortTermInvestments": 272481000000, "longTermDebt": 295098000000, "inventory": 135000000, "accountsPayable": 2501438000000, "researchDevelopment": null, "effectOfAccountingCharges": null, "incomeBeforeTax": 17697000000, "minorityInterest": null, "netIncome": 14300000000, "sellingGeneralAdministrative": 17189000000, "grossProfit": 36422000000, "ebit": 0, "operatingIncome": 17725000000, "otherOperatingExpenses": 1508000000, "interestExpense": null, "extraordinaryItems": null, "nonRecurring": null, "otherItems": null, "incomeTaxExpense": 3397000000, "totalRevenue": 36422000000, "totalOperatingExpenses": 18697000000, "costOfRevenue": 0, "totalOtherIncomeExpenseNet": -28000000, "discontinuedOperations": null, "netIncomeFromContinuingOps": 14300000000, "netIncomeApplicableToCommonShares": 13851000000, "investments": -17687000000, "changeToLiabilities": 23559000000, "totalCashflowsFromInvestingActivities": 15391000000, "netBorrowings": 105971000000, "totalCashFromFinancingActivities": 218911000000, "changeToOperatingActivities": -11827000000, "changeInCash": 183463000000, "repurchaseOfStock": -4806000000, "effectOfExchangeRate": -6967000000, "totalCashFromOperatingActivities": -43872000000, "depreciation": 2070000000, "otherCashflowsFromInvestingActivities": 23138000000, "dividendsPaid": -3193000000, "otherCashflowsFromFinancingActivities": 119439000000, "changeToNetincome": -13389000000}, "2020-12-31": {"intangibleAssets": 4180000000, "capitalSurplus": 88394000000, "totalLiab": 3106717000000, "totalStockholderEquity": 249291000000, "otherCurrentLiab": 99558000000, "totalAssets": 3386071000000, "commonStock": 4105000000, "otherCurrentAssets": 235637000000, "retainedEarnings": 236990000000, "otherLiab": 2421000000, "goodWill": 49248000000, "treasuryStock": -80198000000, "otherAssets": 1146272000000, "cash": 503209000000, "totalCurrentLiabilities": 2824737000000, "shortLongTermDebt": 26934000000, "otherStockholderEquity": 7986000000, "propertyPlantEquipment": 48264000000, "totalCurrentAssets": 1538408000000, "longTermInvestments": 599699000000, "netTangibleAssets": 199139000000, "shortTermInvestments": 296284000000, "longTermDebt": 272657000000, "inventory": 152000000, "accountsPayable": 2214536000000, "researchDevelopment": null, "effectOfAccountingCharges": null, "incomeBeforeTax": 15065000000, "minorityInterest": null, "netIncome": 12136000000, "sellingGeneralAdministrative": 14705000000, "grossProfit": 31113000000, "ebit": 0, "operatingIncome": 15341000000, "otherOperatingExpenses": 1067000000, "interestExpense": null, "extraordinaryItems": null, "nonRecurring": null, "otherItems": null, "incomeTaxExpense": 2929000000, "totalRevenue": 31113000000, "totalOperatingExpenses": 15772000000, "costOfRevenue": 0, "totalOtherIncomeExpenseNet": -276000000, "discontinuedOperations": null, "netIncomeFromContinuingOps": 12136000000, "netIncomeApplicableToCommonShares": 11698000000, "investments": -59638000000, "changeToLiabilities": -8781000000, "totalCashflowsFromInvestingActivities": -63706000000, "netBorrowings": -20346000000, "totalCashFromFinancingActivities": 125958000000, "changeToOperatingActivities": -18429000000, "changeInCash": 40087000000, "repurchaseOfStock": -4806000000, "effectOfExchangeRate": 5887000000, "totalCashFromOperatingActivities": -28052000000, "depreciation": 2127000000, "otherCashflowsFromInvestingActivities": 19539000000, "dividendsPaid": -3139000000, "otherCashflowsFromFinancingActivities": 149443000000, "changeToNetincome": 2134000000}, "2020-09-30": {"intangibleAssets": 3775000000, "capitalSurplus": 88289000000, "totalLiab": 2974963000000, "totalStockholderEquity": 241050000000, "otherCurrentLiab": 104835000000, "totalAssets": 3246076000000, "commonStock": 4105000000, "otherCurrentAssets": 219150000000, "retainedEarnings": 228014000000, "otherLiab": 2915000000, "goodWill": 47819000000, "treasuryStock": -79358000000, "otherAssets": 1107025000000, "cash": 462822000000, "totalCurrentLiabilities": 2665347000000, "otherStockholderEquity": 8929000000, "propertyPlantEquipment": 47872000000, "totalCurrentAssets": 1507840000000, "longTermInvestments": 531745000000, "netTangibleAssets": 192472000000, "shortTermInvestments": 319849000000, "longTermDebt": 298366000000, "inventory": 197000000, "accountsPayable": 2213522000000, "researchDevelopment": null, "effectOfAccountingCharges": null, "incomeBeforeTax": 11661000000, "minorityInterest": null, "netIncome": 9443000000, "sellingGeneralAdministrative": 14984000000, "grossProfit": 28536000000, "ebit": 0, "operatingIncome": 12185000000, "otherOperatingExpenses": 1367000000, "interestExpense": null, "extraordinaryItems": null, "nonRecurring": null, "otherItems": null, "incomeTaxExpense": 2218000000, "totalRevenue": 28536000000, "totalOperatingExpenses": 16351000000, "costOfRevenue": 0, "totalOtherIncomeExpenseNet": -524000000, "discontinuedOperations": null, "netIncomeFromContinuingOps": 9443000000, "netIncomeApplicableToCommonShares": 9015000000, "investments": 27831000000, "changeToLiabilities": -2332000000, "totalCashflowsFromInvestingActivities": -14589000000, "netBorrowings": -47015000000, "totalCashFromFinancingActivities": 19251000000, "changeToOperatingActivities": -9948000000, "changeInCash": -6207000000, "repurchaseOfStock": -4806000000, "effectOfExchangeRate": 3957000000, "totalCashFromOperatingActivities": -14826000000, "depreciation": 2141000000, "otherCashflowsFromInvestingActivities": -60510000000, "dividendsPaid": -3209000000, "otherCashflowsFromFinancingActivities": 69475000000, "changeToNetincome": 9290000000}}, "LMT": {"2021-06-27": {"intangibleAssets": 2849000000, "capitalSurplus": 122000000, "totalLiab": 45569000000, "totalStockholderEquity": 6522000000, "minorityInterest": 8000000, "otherCurrentLiab": 10099000000, "totalAssets": 52099000000, "commonStock": 276000000, "otherCurrentAssets": 774000000, "retainedEarnings": 21961000000, "otherLiab": 18662000000, "goodWill": 10810000000, "treasuryStock": -15837000000, "otherAssets": 10476000000, "cash": 2745000000, "totalCurrentLiabilities": 15242000000, "deferredLongTermAssetCharges": 3377000000, "shortLongTermDebt": 506000000, "otherStockholderEquity": -15837000000, "propertyPlantEquipment": 7290000000, "totalCurrentAssets": 20674000000, "netTangibleAssets": -7137000000, "netReceivables": 14036000000, "longTermDebt": 11665000000, "inventory": 3119000000, "accountsPayable": 1608000000, "researchDevelopment": null, "effectOfAccountingCharges": null, "incomeBeforeTax": 2170000000, "netIncome": 1815000000, "sellingGeneralAdministrative": -107000000, "grossProfit": 2151000000, "ebit": 2254000000, "operatingIncome": 2254000000, "otherOperatingExpenses": 4000000, "interestExpense": -142000000, "extraordinaryItems": null, "nonRecurring": null, "otherItems": null, "incomeTaxExpense": 355000000, "totalRevenue": 17029000000, "totalOperatingExpenses": 14775000000, "costOfRevenue": 14878000000, "totalOtherIncomeExpenseNet": -84000000, "discontinuedOperations": null, "netIncomeFromContinuingOps": 1815000000, "netIncomeApplicableToCommonShares": 1815000000, "changeToLiabilities": -156000000, "totalCashflowsFromInvestingActivities": -220000000, "totalCashFromFinancingActivities": -1236000000, "changeToOperatingActivities": -67000000, "changeInCash": -188000000, "repurchaseOfStock": -500000000, "totalCashFromOperatingActivities": 1268000000, "depreciation": 334000000, "otherCashflowsFromInvestingActivities": 98000000, "dividendsPaid": -721000000, "changeToInventory": 137000000, "changeToAccountReceivables": -914000000, "otherCashflowsFromFinancingActivities": -15000000, "changeToNetincome": 387000000, "capitalExpenditures": -318000000}, "2021-03-28": {"intangibleAssets": 2930000000, "capitalSurplus": 65000000, "totalLiab": 45104000000, "totalStockholderEquity": 6312000000, "minorityInterest": 21000000, "otherCurrentLiab": 9528000000, "totalAssets": 51437000000, "commonStock": 278000000, "otherCurrentAssets": 941000000, "retainedEarnings": 21977000000, "otherLiab": 18730000000, "goodWill": 10799000000, "treasuryStock": -16008000000, "otherAssets": 10243000000, "cash": 2933000000, "totalCurrentLiabilities": 14717000000, "deferredLongTermAssetCharges": 3375000000, "shortLongTermDebt": 506000000, "otherStockholderEquity": -16008000000, "propertyPlantEquipment": 7213000000, "totalCurrentAssets": 20252000000, "netTangibleAssets": -7417000000, "netReceivables": 13122000000, "longTermDebt": 11657000000, "inventory": 3256000000, "accountsPayable": 1889000000, "researchDevelopment": null, "effectOfAccountingCharges": null, "incomeBeforeTax": 2211000000, "netIncome": 1837000000, "sellingGeneralAdministrative": -106000000, "grossProfit": 2222000000, "ebit": 2329000000, "operatingIncome": 2329000000, "otherOperatingExpenses": -1000000, "interestExpense": -140000000, "extraordinaryItems": null, "nonRecurring": null, "otherItems": null, "incomeTaxExpense": 374000000, "totalRevenue": 16258000000, "totalOperatingExpenses": 13929000000, "costOfRevenue": 14036000000, "totalOtherIncomeExpenseNet": -118000000, "discontinuedOperations": null, "netIncomeFromContinuingOps": 1837000000, "netIncomeApplicableToCommonShares": 1837000000, "changeToLiabilities": 733000000, "totalCashflowsFromInvestingActivities": -169000000, "totalCashFromFinancingActivities": -1806000000, "changeToOperatingActivities": -66000000, "changeInCash": -227000000, "repurchaseOfStock": -1000000000, "totalCashFromOperatingActivities": 1748000000, "depreciation": 336000000, "otherCashflowsFromInvestingActivities": 112000000, "dividendsPaid": -739000000, "changeToInventory": 289000000, "changeToAccountReceivables": -1599000000, "otherCashflowsFromFinancingActivities": -67000000, "changeToNetincome": -83000000, "capitalExpenditures": -281000000}, "2020-12-31": {"intangibleAssets": 3698000000, "capitalSurplus": 221000000, "totalLiab": 44672000000, "totalStockholderEquity": 6015000000, "minorityInterest": 23000000, "otherCurrentLiab": 9116000000, "totalAssets": 50710000000, "commonStock": 279000000, "otherCurrentAssets": 1150000000, "retainedEarnings": 21636000000, "otherLiab": 18229000000, "goodWill": 10806000000, "treasuryStock": -16121000000, "otherAssets": 7831000000, "cash": 3160000000, "totalCurrentLiabilities": 13933000000, "deferredLongTermAssetCharges": 3475000000, "shortLongTermDebt": 500000000, "otherStockholderEquity": -16121000000, "propertyPlantEquipment": 8213000000, "totalCurrentAssets": 19378000000, "longTermInvestments": 784000000, "netTangibleAssets": -8489000000, "netReceivables": 11523000000, "longTermDebt": 11669000000, "inventory": 3545000000, "accountsPayable": 880000000, "researchDevelopment": null, "effectOfAccountingCharges": null, "incomeBeforeTax": 2187000000, "netIncome": 1792000000, "sellingGeneralAdministrative": -60000000, "grossProfit": 2241000000, "ebit": 2258000000, "operatingIncome": 2258000000, "otherOperatingExpenses": 43000000, "interestExpense": -149000000, "extraordinaryItems": null, "nonRecurring": null, "otherItems": null, "incomeTaxExpense": 395000000, "totalRevenue": 17032000000, "totalOperatingExpenses": 14774000000, "costOfRevenue": 14791000000, "totalOtherIncomeExpenseNet": -71000000, "discontinuedOperations": null, "netIncomeFromContinuingOps": 1792000000, "netIncomeApplicableToCommonShares": 1792000000, "changeToLiabilities": -428000000, "totalCashflowsFromInvestingActivities": -993000000, "netBorrowings": -500000000, "totalCashFromFinancingActivities": -1239000000, "changeToOperatingActivities": -1067000000, "changeInCash": -425000000, "repurchaseOfStock": -1000000000, "totalCashFromOperatingActivities": 1807000000, "depreciation": 197000000, "otherCashflowsFromInvestingActivities": 11000000, "dividendsPaid": -728000000, "changeToInventory": -252000000, "changeToAccountReceivables": 1345000000, "otherCashflowsFromFinancingActivities": -11000000, "changeToNetincome": 131000000, "capitalExpenditures": -722000000}, "2020-09-27": {"intangibleAssets": 3013000000, "capitalSurplus": 90000000, "totalLiab": 45787000000, "totalStockholderEquity": 4953000000, "minorityInterest": 33000000, "otherCurrentLiab": 9892000000, "totalAssets": 50773000000, "commonStock": 278000000, "otherCurrentAssets": 544000000, "retainedEarnings": 19844000000, "otherLiab": 18911000000, "goodWill": 10589000000, "treasuryStock": -15259000000, "otherAssets": 10078000000, "cash": 3585000000, "totalCurrentLiabilities": 15201000000, "deferredLongTermAssetCharges": 3198000000, "shortLongTermDebt": 1000000000, "otherStockholderEquity": -15259000000, "propertyPlantEquipment": 6803000000, "totalCurrentAssets": 20290000000, "netTangibleAssets": -8649000000, "netReceivables": 12868000000, "longTermDebt": 11675000000, "inventory": 3293000000, "accountsPayable": 1491000000, "researchDevelopment": null, "effectOfAccountingCharges": null, "incomeBeforeTax": 2056000000, "netIncome": 1698000000, "sellingGeneralAdministrative": -59000000, "grossProfit": 2136000000, "ebit": 2201000000, "operatingIncome": 2201000000, "otherOperatingExpenses": -6000000, "interestExpense": -145000000, "extraordinaryItems": null, "nonRecurring": null, "otherItems": null, "incomeTaxExpense": 303000000, "totalRevenue": 16495000000, "totalOperatingExpenses": 14294000000, "costOfRevenue": 14359000000, "totalOtherIncomeExpenseNet": -145000000, "discontinuedOperations": -55000000, "netIncomeFromContinuingOps": 1753000000, "netIncomeApplicableToCommonShares": 1698000000, "changeToLiabilities": 0, "totalCashflowsFromInvestingActivities": -993000000, "netBorrowings": -500000000, "totalCashFromFinancingActivities": -1239000000, "changeToOperatingActivities": -1067000000, "changeInCash": -425000000, "repurchaseOfStock": -1000000000, "totalCashFromOperatingActivities": 1807000000, "depreciation": 197000000, "otherCashflowsFromInvestingActivities": 11000000, "dividendsPaid": -728000000, "changeToInventory": -252000000, "changeToAccountReceivables": 1345000000, "otherCashflowsFromFinancingActivities": -11000000, "changeToNetincome": 131000000, "capitalExpenditures": -722000000}}, "MA": {"2021-06-30": {"intangibleAssets": 3613000000, "capitalSurplus": 5053000000, "totalLiab": 28342000000, "totalStockholderEquity": 6442000000, "minorityInterest": 127000000, "deferredLongTermLiab": 3609000000, "otherCurrentLiab": 4745000000, "totalAssets": 34911000000, "otherCurrentAssets": 4609000000, "retainedEarnings": 41771000000, "otherLiab": 3795000000, "goodWill": 7661000000, "treasuryStock": -40382000000, "otherAssets": 5124000000, "cash": 6216000000, "totalCurrentLiabilities": 11297000000, "deferredLongTermAssetCharges": 454000000, "shortLongTermDebt": 649000000, "otherStockholderEquity": -653000000, "propertyPlantEquipment": 1839000000, "totalCurrentAssets": 15079000000, "longTermInvestments": 1595000000, "netTangibleAssets": -4832000000, "shortTermInvestments": 544000000, "netReceivables": 3710000000, "longTermDebt": 13250000000, "accountsPayable": 547000000, "researchDevelopment": null, "effectOfAccountingCharges": null, "incomeBeforeTax": 2478000000, "netIncome": 2066000000, "sellingGeneralAdministrative": 1934000000, "grossProfit": 4528000000, "ebit": 2408000000, "operatingIncome": 2408000000, "otherOperatingExpenses": null, "interestExpense": -106000000, "extraordinaryItems": null, "nonRecurring": null, "otherItems": null, "incomeTaxExpense": 412000000, "totalRevenue": 4528000000, "totalOperatingExpenses": 2120000000, "costOfRevenue": 0, "totalOtherIncomeExpenseNet": 70000000, "discontinuedOperations": null, "netIncomeFromContinuingOps": 2066000000, "netIncomeApplicableToCommonShares": 2066000000, "investments": -95000000, "changeToLiabilities": -77000000, "totalCashflowsFromInvestingActivities": -1142000000, "totalCashFromFinancingActivities": -2195000000, "changeToOperatingActivities": -690000000, "issuanceOfStock": 21000000, "changeInCash": -992000000, "repurchaseOfStock": -1715000000, "effectOfExchangeRate": 77000000, "totalCashFromOperatingActivities": 2268000000, "depreciation": 186000000, "otherCashflowsFromInvestingActivities": -18000000, "dividendsPaid": -434000000, "changeToAccountReceivables": 653000000, "otherCashflowsFromFinancingActivities": -67000000, "changeToNetincome": -183000000, "capitalExpenditures": -81000000}, "2021-03-31": {"intangibleAssets": 3321000000, "capitalSurplus": 4949000000, "totalLiab": 28347000000, "totalStockholderEquity": 6327000000, "minorityInterest": 126000000, "deferredLongTermLiab": 3413000000, "otherCurrentLiab": 5446000000, "totalAssets": 34800000000, "otherCurrentAssets": 4344000000, "retainedEarnings": 40140000000, "otherLiab": 3651000000, "goodWill": 7051000000, "treasuryStock": -38762000000, "otherAssets": 4868000000, "cash": 7246000000, "totalCurrentLiabilities": 11475000000, "deferredLongTermAssetCharges": 459000000, "shortLongTermDebt": 649000000, "otherStockholderEquity": -738000000, "propertyPlantEquipment": 1850000000, "totalCurrentAssets": 16405000000, "longTermInvestments": 1305000000, "netTangibleAssets": -4045000000, "shortTermInvestments": 489000000, "netReceivables": 4326000000, "longTermDebt": 13221000000, "accountsPayable": 476000000, "researchDevelopment": null, "effectOfAccountingCharges": null, "incomeBeforeTax": 2190000000, "netIncome": 1828000000, "sellingGeneralAdministrative": 1795000000, "grossProfit": 4155000000, "ebit": 2197000000, "operatingIncome": 2197000000, "otherOperatingExpenses": null, "interestExpense": -107000000, "extraordinaryItems": null, "nonRecurring": null, "otherItems": null, "incomeTaxExpense": 362000000, "totalRevenue": 4155000000, "totalOperatingExpenses": 1958000000, "costOfRevenue": 0, "totalOtherIncomeExpenseNet": -7000000, "discontinuedOperations": null, "netIncomeFromContinuingOps": 1828000000, "netIncomeApplicableToCommonShares": 1828000000, "investments": -61000000, "changeToLiabilities": -15000000, "totalCashflowsFromInvestingActivities": -3560000000, "netBorrowings": 1282000000, "totalCashFromFinancingActivities": -606000000, "changeToOperatingActivities": -824000000, "issuanceOfStock": 23000000, "changeInCash": -2804000000, "repurchaseOfStock": -1477000000, "effectOfExchangeRate": -101000000, "totalCashFromOperatingActivities": 1463000000, "depreciation": 163000000, "otherCashflowsFromInvestingActivities": 9000000, "dividendsPaid": -439000000, "changeToAccountReceivables": -42000000, "otherCashflowsFromFinancingActivities": 5000000, "changeToNetincome": 15000000, "capitalExpenditures": -65000000}, "2020-12-31": {"intangibleAssets": 1753000000, "capitalSurplus": 4982000000, "totalLiab": 27067000000, "totalStockholderEquity": 6391000000, "minorityInterest": 126000000, "deferredLongTermLiab": 3220000000, "otherCurrentLiab": 5320000000, "totalAssets": 33584000000, "otherCurrentAssets": 4165000000, "retainedEarnings": 38747000000, "otherLiab": 2471000000, "goodWill": 4960000000, "treasuryStock": -37338000000, "otherAssets": 4684000000, "cash": 10113000000, "totalCurrentLiabilities": 11847000000, "deferredLongTermAssetCharges": 491000000, "shortLongTermDebt": 649000000, "otherStockholderEquity": -680000000, "propertyPlantEquipment": 1902000000, "totalCurrentAssets": 19113000000, "longTermInvestments": 1172000000, "netTangibleAssets": -322000000, "shortTermInvestments": 483000000, "netReceivables": 4352000000, "longTermDebt": 12023000000, "accountsPayable": 527000000, "researchDevelopment": null, "effectOfAccountingCharges": null, "incomeBeforeTax": 2168000000, "netIncome": 1785000000, "sellingGeneralAdministrative": 1859000000, "grossProfit": 4120000000, "ebit": 2111000000, "operatingIncome": 2111000000, "otherOperatingExpenses": null, "interestExpense": -108000000, "extraordinaryItems": null, "nonRecurring": null, "otherItems": null, "incomeTaxExpense": 383000000, "totalRevenue": 4120000000, "totalOperatingExpenses": 2009000000, "costOfRevenue": 0, "totalOtherIncomeExpenseNet": 57000000, "discontinuedOperations": null, "netIncomeFromContinuingOps": 1785000000, "netIncomeApplicableToCommonShares": 1785000000, "investments": -100000000, "changeToLiabilities": 171000000, "totalCashflowsFromInvestingActivities": -1054000000, "netBorrowings": 1282000000, "totalCashFromFinancingActivities": -1375000000, "changeToOperatingActivities": 494000000, "issuanceOfStock": 9000000, "changeInCash": 15000000, "repurchaseOfStock": -1035000000, "effectOfExchangeRate": 191000000, "totalCashFromOperatingActivities": 2253000000, "depreciation": 273000000, "otherCashflowsFromInvestingActivities": 3000000, "dividendsPaid": -399000000, "changeToAccountReceivables": -528000000, "otherCashflowsFromFinancingActivities": 50000000, "changeToNetincome": -226000000, "capitalExpenditures": -59000000}, "2020-09-30": {"intangibleAssets": 1507000000, "capitalSurplus": 4926000000, "totalLiab": 25713000000, "totalStockholderEquity": 5796000000, "minorityInterest": 85000000, "deferredLongTermLiab": 3175000000, "otherCurrentLiab": 4866000000, "totalAssets": 31594000000, "otherCurrentAssets": 4112000000, "retainedEarnings": 37403000000, "otherLiab": 3181000000, "goodWill": 4159000000, "treasuryStock": -36533000000, "otherAssets": 4659000000, "cash": 10225000000, "totalCurrentLiabilities": 9958000000, "deferredLongTermAssetCharges": 607000000, "otherStockholderEquity": -880000000, "propertyPlantEquipment": 1887000000, "totalCurrentAssets": 18469000000, "longTermInvestments": 913000000, "netTangibleAssets": 130000000, "shortTermInvestments": 400000000, "netReceivables": 3732000000, "longTermDebt": 12574000000, "accountsPayable": 341000000, "researchDevelopment": null, "effectOfAccountingCharges": null, "incomeBeforeTax": 1915000000, "netIncome": 1513000000, "sellingGeneralAdministrative": 1591000000, "grossProfit": 3837000000, "ebit": 2105000000, "operatingIncome": 2105000000, "otherOperatingExpenses": null, "interestExpense": -105000000, "extraordinaryItems": null, "nonRecurring": null, "otherItems": null, "incomeTaxExpense": 402000000, "totalRevenue": 3837000000, "totalOperatingExpenses": 1732000000, "costOfRevenue": 0, "totalOtherIncomeExpenseNet": -190000000, "discontinuedOperations": null, "netIncomeFromContinuingOps": 1513000000, "netIncomeApplicableToCommonShares": 1513000000, "investments": -40000000, "changeToLiabilities": -63000000, "totalCashflowsFromInvestingActivities": -199000000, "netBorrowings": 1282000000, "totalCashFromFinancingActivities": -2468000000, "changeToOperatingActivities": -627000000, "issuanceOfStock": 23000000, "changeInCash": -898000000, "repurchaseOfStock": -2064000000, "effectOfExchangeRate": 115000000, "totalCashFromOperatingActivities": 1654000000, "depreciation": 141000000, "otherCashflowsFromInvestingActivities": 6000000, "dividendsPaid": -402000000, "changeToAccountReceivables": 218000000, "otherCashflowsFromFinancingActivities": -25000000, "changeToNetincome": 191000000, "capitalExpenditures": -79000000}}, "MCD": {"2021-06-30": {"capitalSurplus": 8046000000, "totalLiab": 57701100000, "totalStockholderEquity": -5808000000, "otherCurrentLiab": 310700000, "totalAssets": 51893100000, "commonStock": 16600000, "otherCurrentAssets": 216900000, "retainedEarnings": 55739000000, "otherLiab": 5724700000, "goodWill": 2778100000, "treasuryStock": -69609600000, "otherAssets": 3867800000, "cash": 3049400000, "totalCurrentLiabilities": 3934800000, "shortLongTermDebt": 500000000, "otherStockholderEquity": -2571200000, "propertyPlantEquipment": 38327500000, "totalCurrentAssets": 5701200000, "longTermInvestments": 1218500000, "netTangibleAssets": -8586100000, "netReceivables": 1808300000, "longTermDebt": 34922600000, "inventory": 47800000, "accountsPayable": 730900000, "researchDevelopment": null, "effectOfAccountingCharges": null, "incomeBeforeTax": 2376000000, "minorityInterest": null, "netIncome": 2219300000, "sellingGeneralAdministrative": 572400000, "grossProfit": 3219500000, "ebit": 2564000000, "operatingIncome": 2564000000, "otherOperatingExpenses": null, "interestExpense": -296500000, "extraordinaryItems": null, "nonRecurring": null, "otherItems": null, "incomeTaxExpense": 156700000, "totalRevenue": 5887900000, "totalOperatingExpenses": 3323900000, "costOfRevenue": 2668400000, "totalOtherIncomeExpenseNet": -188000000, "discontinuedOperations": null, "netIncomeFromContinuingOps": 2219300000, "netIncomeApplicableToCommonShares": 2219300000, "changeToLiabilities": 0, "totalCashflowsFromInvestingActivities": -413500000, "netBorrowings": -399800000, "totalCashFromFinancingActivities": -1306300000, "changeToOperatingActivities": -545900000, "issuanceOfStock": 72900000, "changeInCash": 29700000, "repurchaseOfStock": -3000000, "effectOfExchangeRate": 16300000, "totalCashFromOperatingActivities": 1733200000, "depreciation": 463400000, "otherCashflowsFromInvestingActivities": 42500000, "dividendsPaid": -963300000, "otherCashflowsFromFinancingActivities": -13100000, "changeToNetincome": -403600000, "capitalExpenditures": -482600000}, "2021-03-31": {"capitalSurplus": 7959100000, "totalLiab": 58338600000, "totalStockholderEquity": -7235500000, "otherCurrentLiab": 762400000, "totalAssets": 51103100000, "commonStock": 16600000, "otherCurrentAssets": 206100000, "retainedEarnings": 54483000000, "otherLiab": 5824600000, "goodWill": 2745800000, "treasuryStock": -69694200000, "otherAssets": 3477900000, "cash": 3019700000, "totalCurrentLiabilities": 4579800000, "shortLongTermDebt": 900000000, "otherStockholderEquity": -2635900000, "propertyPlantEquipment": 38179200000, "totalCurrentAssets": 5467900000, "longTermInvestments": 1232300000, "netTangibleAssets": -9981300000, "netReceivables": 1733700000, "longTermDebt": 34823200000, "inventory": 45300000, "accountsPayable": 670000000, "researchDevelopment": null, "effectOfAccountingCharges": null, "incomeBeforeTax": 1952700000, "minorityInterest": null, "netIncome": 1537200000, "sellingGeneralAdministrative": 490400000, "grossProfit": 2668300000, "ebit": 2108500000, "operatingIncome": 2108500000, "otherOperatingExpenses": -6600000, "interestExpense": -300000000, "extraordinaryItems": null, "nonRecurring": null, "otherItems": null, "incomeTaxExpense": 415500000, "totalRevenue": 5124600000, "totalOperatingExpenses": 3016100000, "costOfRevenue": 2456300000, "totalOtherIncomeExpenseNet": -155800000, "discontinuedOperations": null, "netIncomeFromContinuingOps": 1537200000, "netIncomeApplicableToCommonShares": 1537200000, "changeToLiabilities": 0, "totalCashflowsFromInvestingActivities": -244600000, "netBorrowings": -1331300000, "totalCashFromFinancingActivities": -2263900000, "changeToOperatingActivities": 237100000, "issuanceOfStock": 59100000, "changeInCash": -429400000, "repurchaseOfStock": -21500000, "effectOfExchangeRate": -44900000, "totalCashFromOperatingActivities": 2124000000, "depreciation": 453900000, "otherCashflowsFromInvestingActivities": 100400000, "dividendsPaid": -962300000, "otherCashflowsFromFinancingActivities": -7900000, "changeToNetincome": -104200000, "capitalExpenditures": -368700000}, "2020-12-31": {"intangibleAssets": 691200000, "capitalSurplus": 7903600000, "totalLiab": 60451700000, "totalStockholderEquity": -7824900000, "otherCurrentLiab": 823600000, "totalAssets": 52626800000, "commonStock": 16600000, "otherCurrentAssets": 185600000, "retainedEarnings": 53908100000, "otherLiab": 5752400000, "goodWill": 2773100000, "treasuryStock": -69653200000, "otherAssets": 2800400000, "cash": 3449100000, "totalCurrentLiabilities": 6181200000, "deferredLongTermAssetCharges": 2135700000, "shortLongTermDebt": 2243600000, "otherStockholderEquity": -2586800000, "propertyPlantEquipment": 38785900000, "totalCurrentAssets": 6243200000, "longTermInvestments": 1333000000, "netTangibleAssets": -11289200000, "netReceivables": 2435300000, "longTermDebt": 35196800000, "inventory": 51100000, "accountsPayable": 741300000, "researchDevelopment": null, "effectOfAccountingCharges": null, "incomeBeforeTax": 1830000000, "minorityInterest": null, "netIncome": 1377200000, "sellingGeneralAdministrative": 698000000, "grossProfit": 2780200000, "ebit": 2016000000, "operatingIncome": 2016000000, "otherOperatingExpenses": -14100000, "interestExpense": -308900000, "extraordinaryItems": null, "nonRecurring": null, "otherItems": null, "incomeTaxExpense": 452800000, "totalRevenue": 5313800000, "totalOperatingExpenses": 3297800000, "costOfRevenue": 2533600000, "totalOtherIncomeExpenseNet": -186000000, "discontinuedOperations": null, "netIncomeFromContinuingOps": 1377200000, "netIncomeApplicableToCommonShares": 1377200000, "changeToLiabilities": -137500000, "totalCashflowsFromInvestingActivities": -362900000, "netBorrowings": -1005000000, "totalCashFromFinancingActivities": -1935600000, "changeToOperatingActivities": 647200000, "issuanceOfStock": 33200000, "changeInCash": -234700000, "repurchaseOfStock": -2200000, "effectOfExchangeRate": 71000000, "totalCashFromOperatingActivities": 1992800000, "depreciation": 464300000, "otherCashflowsFromInvestingActivities": 65900000, "dividendsPaid": -961600000, "changeToInventory": -68600000, "changeToAccountReceivables": -6800000, "otherCashflowsFromFinancingActivities": -7900000, "changeToNetincome": -239400000, "capitalExpenditures": -463100000}, "2020-09-30": {"capitalSurplus": 7854700000, "totalLiab": 59171400000, "totalStockholderEquity": -8472100000, "otherCurrentLiab": 402300000, "totalAssets": 50699300000, "commonStock": 16600000, "otherCurrentAssets": 192300000, "retainedEarnings": 53492500000, "otherLiab": 5011800000, "goodWill": 2715800000, "treasuryStock": -69835900000, "otherAssets": 2431700000, "cash": 3683800000, "totalCurrentLiabilities": 6280200000, "shortLongTermDebt": 2688800000, "otherStockholderEquity": -2758800000, "propertyPlantEquipment": 37494500000, "totalCurrentAssets": 6736100000, "longTermInvestments": 1321200000, "netTangibleAssets": -11187900000, "netReceivables": 2391800000, "longTermDebt": 35143400000, "inventory": 44200000, "accountsPayable": 689000000, "researchDevelopment": null, "effectOfAccountingCharges": null, "incomeBeforeTax": 2217100000, "minorityInterest": null, "netIncome": 1762600000, "sellingGeneralAdministrative": 454700000, "grossProfit": 2904700000, "ebit": 2401200000, "operatingIncome": 2401200000, "otherOperatingExpenses": -27000000, "interestExpense": -310100000, "extraordinaryItems": null, "nonRecurring": null, "otherItems": null, "incomeTaxExpense": 454500000, "totalRevenue": 5418100000, "totalOperatingExpenses": 3016900000, "costOfRevenue": 2513400000, "totalOtherIncomeExpenseNet": -184100000, "discontinuedOperations": null, "netIncomeFromContinuingOps": 1762600000, "netIncomeApplicableToCommonShares": 1762600000, "changeToLiabilities": 0, "totalCashflowsFromInvestingActivities": -267900000, "netBorrowings": -1442100000, "totalCashFromFinancingActivities": -2268500000, "changeToOperatingActivities": 824300000, "issuanceOfStock": 105300000, "changeInCash": 428100000, "repurchaseOfStock": -700000, "effectOfExchangeRate": 25000000, "totalCashFromOperatingActivities": 2939500000, "depreciation": 440100000, "otherCashflowsFromInvestingActivities": 120800000, "dividendsPaid": -930900000, "changeToInventory": -68600000, "changeToAccountReceivables": -6800000, "otherCashflowsFromFinancingActivities": -100000, "changeToNetincome": -87500000, "capitalExpenditures": -390200000}}, "MELI": {"2021-06-30": {"intangibleAssets": 23894000, "capitalSurplus": 455206000, "totalLiab": 6061664000, "totalStockholderEquity": 81030000, "otherCurrentLiab": 2147111000, "totalAssets": 6142694000, "commonStock": 50000, "otherCurrentAssets": 1272643000, "retainedEarnings": 348298000, "otherLiab": 90414000, "goodWill": 85165000, "treasuryStock": -722524000, "otherAssets": 269323000, "cash": 1069909000, "totalCurrentLiabilities": 3869290000, "deferredLongTermAssetCharges": 132618000, "shortLongTermDebt": 77543000, "otherStockholderEquity": -446304000, "propertyPlantEquipment": 1015250000, "totalCurrentAssets": 4567651000, "longTermInvestments": 181411000, "netTangibleAssets": -28029000, "shortTermInvestments": 190482000, "netReceivables": 1806829000, "longTermDebt": 1763016000, "inventory": 169449000, "accountsPayable": 857622000, "researchDevelopment": 146985000, "effectOfAccountingCharges": null, "incomeBeforeTax": 138897000, "minorityInterest": null, "netIncome": 68195000, "sellingGeneralAdministrative": 440770000, "grossProfit": 753920000, "ebit": 166165000, "operatingIncome": 166165000, "otherOperatingExpenses": null, "interestExpense": -39342000, "extraordinaryItems": null, "nonRecurring": null, "otherItems": null, "incomeTaxExpense": 70702000, "totalRevenue": 1702750000, "totalOperatingExpenses": 1536585000, "costOfRevenue": 948830000, "totalOtherIncomeExpenseNet": -27268000, "discontinuedOperations": null, "netIncomeFromContinuingOps": 68195000, "netIncomeApplicableToCommonShares": 68195000, "investments": 193108000, "changeToLiabilities": 154127000, "totalCashflowsFromInvestingActivities": -158626000, "netBorrowings": 118627000, "totalCashFromFinancingActivities": 104367000, "changeToOperatingActivities": -121105000, "changeInCash": 242733000, "repurchaseOfStock": -116642000, "effectOfExchangeRate": 34954000, "totalCashFromOperatingActivities": 262038000, "depreciation": 46109000, "otherCashflowsFromInvestingActivities": -5259000, "changeToInventory": -28167000, "changeToAccountReceivables": -51074000, "otherCashflowsFromFinancingActivities": 102382000, "changeToNetincome": 193953000, "capitalExpenditures": -150108000}, "2021-03-31": {"intangibleAssets": 20271000, "capitalSurplus": 275632000, "totalLiab": 5228259000, "totalStockholderEquity": -30404000, "otherCurrentLiab": 1817773000, "totalAssets": 5197855000, "commonStock": 50000, "otherCurrentAssets": 1151626000, "retainedEarnings": 280103000, "otherLiab": 86148000, "goodWill": 82830000, "treasuryStock": -586189000, "otherAssets": 215009000, "cash": 862720000, "totalCurrentLiabilities": 3204949000, "deferredLongTermAssetCharges": 124272000, "shortLongTermDebt": 178714000, "otherStockholderEquity": -506063000, "propertyPlantEquipment": 803953000, "totalCurrentAssets": 3900191000, "longTermInvestments": 175601000, "netTangibleAssets": -133505000, "shortTermInvestments": 346009000, "netReceivables": 1365085000, "longTermDebt": 1641848000, "inventory": 131460000, "accountsPayable": 612206000, "researchDevelopment": 126035000, "effectOfAccountingCharges": null, "incomeBeforeTax": 9537000, "minorityInterest": null, "netIncome": -34012000, "sellingGeneralAdministrative": 374498000, "grossProfit": 591377000, "ebit": 90844000, "operatingIncome": 90844000, "otherOperatingExpenses": null, "interestExpense": -42042000, "extraordinaryItems": null, "nonRecurring": null, "otherItems": null, "incomeTaxExpense": 43549000, "totalRevenue": 1378441000, "totalOperatingExpenses": 1287597000, "costOfRevenue": 787064000, "totalOtherIncomeExpenseNet": -81307000, "discontinuedOperations": null, "netIncomeFromContinuingOps": -34012000, "netIncomeApplicableToCommonShares": -34012000, "investments": 173590000, "changeToLiabilities": -143763000, "totalCashflowsFromInvestingActivities": -97933000, "netBorrowings": -733629000, "totalCashFromFinancingActivities": -859719000, "changeToOperatingActivities": -282008000, "changeInCash": -1319868000, "repurchaseOfStock": -25321000, "effectOfExchangeRate": -99219000, "totalCashFromOperatingActivities": -262997000, "depreciation": 38416000, "otherCashflowsFromInvestingActivities": -2312000, "changeToInventory": -18958000, "changeToAccountReceivables": 21064000, "otherCashflowsFromFinancingActivities": -100769000, "changeToNetincome": 156264000, "capitalExpenditures": -112672000}, "2020-12-31": {"intangibleAssets": 14155000, "capitalSurplus": 1860502000, "totalLiab": 4874754000, "totalStockholderEquity": 1651578000, "otherCurrentLiab": 2028240000, "totalAssets": 6526332000, "commonStock": 50000, "otherCurrentAssets": 1363200000, "retainedEarnings": 314115000, "otherLiab": 134397000, "goodWill": 85211000, "treasuryStock": -523089000, "otherAssets": 219150000, "cash": 1856394000, "totalCurrentLiabilities": 3635880000, "deferredLongTermAssetCharges": 134916000, "shortLongTermDebt": 168186000, "otherStockholderEquity": -468284000, "propertyPlantEquipment": 694898000, "totalCurrentAssets": 5346807000, "longTermInvestments": 166111000, "netTangibleAssets": 1552212000, "shortTermInvestments": 604357000, "netReceivables": 1376338000, "longTermDebt": 844615000, "inventory": 118140000, "accountsPayable": 765727000, "researchDevelopment": 116989000, "effectOfAccountingCharges": null, "incomeBeforeTax": -44015000, "minorityInterest": null, "netIncome": -50580000, "sellingGeneralAdministrative": 397171000, "grossProfit": 814350000, "ebit": -25126000, "operatingIncome": -25126000, "otherOperatingExpenses": 325316000, "interestExpense": -31607000, "extraordinaryItems": null, "nonRecurring": null, "otherItems": null, "incomeTaxExpense": 6565000, "totalRevenue": 1327304000, "totalOperatingExpenses": 1352430000, "costOfRevenue": 512954000, "totalOtherIncomeExpenseNet": -18889000, "discontinuedOperations": null, "netIncomeFromContinuingOps": -50580000, "netIncomeApplicableToCommonShares": -50852000, "investments": 851660000, "changeToLiabilities": 226477000, "totalCashflowsFromInvestingActivities": 585949000, "netBorrowings": 134684000, "totalCashFromFinancingActivities": -98000, "changeToOperatingActivities": -4689000, "changeInCash": 884095000, "repurchaseOfStock": -14414000, "effectOfExchangeRate": 41687000, "totalCashFromOperatingActivities": 256557000, "depreciation": 32556000, "otherCashflowsFromInvestingActivities": -4136000, "dividendsPaid": -356000, "changeToInventory": -66659000, "changeToAccountReceivables": -39181000, "otherCashflowsFromFinancingActivities": -120012000, "changeToNetincome": 158633000, "capitalExpenditures": -87251000}, "2020-09-30": {"intangibleAssets": 14230000, "capitalSurplus": 1930984000, "totalLiab": 3942193000, "totalStockholderEquity": 1746099000, "otherCurrentLiab": 1683254000, "totalAssets": 5737719000, "commonStock": 50000, "otherCurrentAssets": 1244896000, "retainedEarnings": 364967000, "otherLiab": 127498000, "goodWill": 79064000, "treasuryStock": -549902000, "otherAssets": 185810000, "cash": 1139703000, "totalCurrentLiabilities": 3007260000, "deferredLongTermAssetCharges": 125012000, "shortLongTermDebt": 197455000, "otherStockholderEquity": -509511000, "propertyPlantEquipment": 527834000, "totalCurrentAssets": 4923891000, "longTermInvestments": 6890000, "netTangibleAssets": 1652805000, "shortTermInvestments": 1523833000, "netReceivables": 940428000, "longTermDebt": 612799000, "inventory": 46644000, "accountsPayable": 509095000, "researchDevelopment": 88796000, "effectOfAccountingCharges": null, "incomeBeforeTax": 52670000, "minorityInterest": null, "netIncome": 15035000, "sellingGeneralAdministrative": 308320000, "grossProfit": 480190000, "ebit": 83074000, "operatingIncome": 83074000, "otherOperatingExpenses": 325316000, "interestExpense": -24522000, "extraordinaryItems": null, "nonRecurring": null, "otherItems": null, "incomeTaxExpense": 37635000, "totalRevenue": 1115701000, "totalOperatingExpenses": 1032627000, "costOfRevenue": 635511000, "totalOtherIncomeExpenseNet": -30404000, "discontinuedOperations": null, "netIncomeFromContinuingOps": 15035000, "netIncomeApplicableToCommonShares": 14107000, "investments": -103370000, "changeToLiabilities": 187704000, "totalCashflowsFromInvestingActivities": -290102000, "netBorrowings": 45494000, "totalCashFromFinancingActivities": -77139000, "changeToOperatingActivities": 84362000, "changeInCash": -39229000, "repurchaseOfStock": -38951000, "effectOfExchangeRate": -33298000, "totalCashFromOperatingActivities": 361310000, "depreciation": 28234000, "otherCashflowsFromInvestingActivities": 9155000, "dividendsPaid": -1000000, "changeToInventory": -26052000, "changeToAccountReceivables": 28103000, "otherCashflowsFromFinancingActivities": -82682000, "changeToNetincome": 43924000, "capitalExpenditures": -64963000}}, "MMM": {"2021-06-30": {"intangibleAssets": 5572000000, "capitalSurplus": 6337000000, "totalLiab": 33791000000, "totalStockholderEquity": 14448000000, "minorityInterest": 68000000, "otherCurrentLiab": 3428000000, "totalAssets": 48307000000, "commonStock": 9000000, "otherCurrentAssets": 374000000, "retainedEarnings": 44824000000, "otherLiab": 7481000000, "goodWill": 13722000000, "treasuryStock": -36722000000, "otherAssets": 2436000000, "cash": 4695000000, "totalCurrentLiabilities": 9440000000, "shortLongTermDebt": 770000000, "otherStockholderEquity": -7486000000, "propertyPlantEquipment": 10230000000, "totalCurrentAssets": 16343000000, "longTermInvestments": 4000000, "netTangibleAssets": -4846000000, "shortTermInvestments": 805000000, "netReceivables": 4991000000, "longTermDebt": 16267000000, "inventory": 4842000000, "accountsPayable": 2931000000, "researchDevelopment": 514000000, "effectOfAccountingCharges": null, "incomeBeforeTax": 1940000000, "netIncome": 1524000000, "sellingGeneralAdministrative": 1666000000, "grossProfit": 4231000000, "ebit": 2051000000, "operatingIncome": 2051000000, "otherOperatingExpenses": null, "interestExpense": -121000000, "extraordinaryItems": null, "nonRecurring": null, "otherItems": null, "incomeTaxExpense": 415000000, "totalRevenue": 8950000000, "totalOperatingExpenses": 6899000000, "costOfRevenue": 4719000000, "totalOtherIncomeExpenseNet": -111000000, "discontinuedOperations": null, "netIncomeFromContinuingOps": 1525000000, "netIncomeApplicableToCommonShares": 1524000000, "investments": -292000000, "changeToLiabilities": 256000000, "totalCashflowsFromInvestingActivities": -674000000, "netBorrowings": -1000000, "totalCashFromFinancingActivities": -1183000000, "issuanceOfStock": 187000000, "changeInCash": 59000000, "repurchaseOfStock": -503000000, "effectOfExchangeRate": 29000000, "totalCashFromOperatingActivities": 1887000000, "depreciation": 472000000, "otherCashflowsFromInvestingActivities": 1000000, "dividendsPaid": -858000000, "changeToInventory": -340000000, "changeToAccountReceivables": -132000000, "otherCashflowsFromFinancingActivities": -8000000, "changeToNetincome": 290000000, "capitalExpenditures": -394000000}, "2021-03-31": {"intangibleAssets": 5697000000, "capitalSurplus": 6283000000, "totalLiab": 33352000000, "totalStockholderEquity": 13760000000, "minorityInterest": 68000000, "otherCurrentLiab": 3403000000, "totalAssets": 47180000000, "commonStock": 9000000, "otherCurrentAssets": 393000000, "retainedEarnings": 44255000000, "otherLiab": 7561000000, "goodWill": 13654000000, "treasuryStock": -36787000000, "otherAssets": 2373000000, "cash": 4636000000, "totalCurrentLiabilities": 8363000000, "shortLongTermDebt": 763000000, "otherStockholderEquity": -7767000000, "propertyPlantEquipment": 10111000000, "totalCurrentAssets": 15345000000, "netTangibleAssets": -5591000000, "shortTermInvestments": 501000000, "netReceivables": 4817000000, "longTermDebt": 16819000000, "inventory": 4458000000, "accountsPayable": 2670000000, "researchDevelopment": 520000000, "effectOfAccountingCharges": null, "incomeBeforeTax": 1946000000, "netIncome": 1624000000, "sellingGeneralAdministrative": 1720000000, "grossProfit": 4327000000, "ebit": 2087000000, "operatingIncome": 2087000000, "otherOperatingExpenses": null, "interestExpense": -132000000, "extraordinaryItems": null, "nonRecurring": null, "otherItems": null, "incomeTaxExpense": 319000000, "totalRevenue": 8851000000, "totalOperatingExpenses": 6764000000, "costOfRevenue": 4524000000, "totalOtherIncomeExpenseNet": -141000000, "discontinuedOperations": null, "netIncomeFromContinuingOps": 1627000000, "netIncomeApplicableToCommonShares": 1624000000, "investments": -110000000, "changeToLiabilities": 155000000, "totalCashflowsFromInvestingActivities": -369000000, "netBorrowings": -444000000, "totalCashFromFinancingActivities": -1251000000, "issuanceOfStock": 293000000, "changeInCash": 2000000, "repurchaseOfStock": -231000000, "effectOfExchangeRate": -66000000, "totalCashFromOperatingActivities": 1688000000, "depreciation": 460000000, "otherCashflowsFromInvestingActivities": 19000000, "dividendsPaid": -858000000, "changeToInventory": -304000000, "changeToAccountReceivables": -205000000, "otherCashflowsFromFinancingActivities": -11000000, "changeToNetincome": -84000000, "capitalExpenditures": -310000000}, "2020-12-31": {"intangibleAssets": 5835000000, "capitalSurplus": 6162000000, "totalLiab": 34413000000, "totalStockholderEquity": 12867000000, "minorityInterest": 64000000, "otherCurrentLiab": 2346000000, "totalAssets": 47344000000, "commonStock": 9000000, "otherCurrentAssets": 193000000, "retainedEarnings": 43761000000, "otherLiab": 7774000000, "goodWill": 13802000000, "treasuryStock": -37065000000, "otherAssets": 2226000000, "cash": 4634000000, "totalCurrentLiabilities": 7948000000, "deferredLongTermAssetCharges": 871000000, "shortLongTermDebt": 794000000, "otherStockholderEquity": -7661000000, "propertyPlantEquipment": 10285000000, "totalCurrentAssets": 14982000000, "longTermInvestments": 214000000, "netTangibleAssets": -6770000000, "shortTermInvestments": 404000000, "netReceivables": 4830000000, "longTermDebt": 17989000000, "inventory": 4239000000, "accountsPayable": 2561000000, "researchDevelopment": 449000000, "effectOfAccountingCharges": null, "incomeBeforeTax": 1706000000, "netIncome": 1389000000, "sellingGeneralAdministrative": 1814000000, "grossProfit": 4246000000, "ebit": 1983000000, "operatingIncome": 1983000000, "otherOperatingExpenses": null, "interestExpense": -141000000, "extraordinaryItems": null, "nonRecurring": null, "otherItems": null, "incomeTaxExpense": 316000000, "totalRevenue": 8583000000, "totalOperatingExpenses": 6600000000, "costOfRevenue": 4337000000, "totalOtherIncomeExpenseNet": -277000000, "discontinuedOperations": null, "netIncomeFromContinuingOps": 1390000000, "netIncomeApplicableToCommonShares": 1389000000, "investments": 62000000, "changeToLiabilities": 300000000, "totalCashflowsFromInvestingActivities": -259000000, "netBorrowings": -1005000000, "totalCashFromFinancingActivities": -1802000000, "issuanceOfStock": 104000000, "changeInCash": 513000000, "repurchaseOfStock": -2000000, "effectOfExchangeRate": 59000000, "totalCashFromOperatingActivities": 2515000000, "depreciation": 498000000, "otherCashflowsFromInvestingActivities": 2000000, "dividendsPaid": -848000000, "changeToInventory": -134000000, "changeToAccountReceivables": 52000000, "otherCashflowsFromFinancingActivities": -51000000, "changeToNetincome": 424000000, "capitalExpenditures": -422000000}, "2020-09-30": {"intangibleAssets": 5926000000, "capitalSurplus": 6116000000, "totalLiab": 33447000000, "totalStockholderEquity": 11880000000, "minorityInterest": 63000000, "otherCurrentLiab": 3060000000, "totalAssets": 45390000000, "commonStock": 9000000, "otherCurrentAssets": 421000000, "retainedEarnings": 43285000000, "otherLiab": 7003000000, "goodWill": 13535000000, "treasuryStock": -37530000000, "otherAssets": 1751000000, "cash": 4121000000, "totalCurrentLiabilities": 7410000000, "shortLongTermDebt": 149000000, "otherStockholderEquity": -7960000000, "propertyPlantEquipment": 10060000000, "totalCurrentAssets": 14110000000, "longTermInvestments": 8000000, "netTangibleAssets": -7581000000, "shortTermInvestments": 440000000, "netReceivables": 4623000000, "longTermDebt": 18429000000, "inventory": 3984000000, "accountsPayable": 2208000000, "researchDevelopment": 461000000, "effectOfAccountingCharges": null, "incomeBeforeTax": 1804000000, "netIncome": 1413000000, "sellingGeneralAdministrative": 1658000000, "grossProfit": 4047000000, "ebit": 1928000000, "operatingIncome": 1928000000, "otherOperatingExpenses": null, "interestExpense": -128000000, "extraordinaryItems": null, "nonRecurring": null, "otherItems": null, "incomeTaxExpense": 387000000, "totalRevenue": 8350000000, "totalOperatingExpenses": 6422000000, "costOfRevenue": 4303000000, "totalOtherIncomeExpenseNet": -124000000, "discontinuedOperations": null, "netIncomeFromContinuingOps": 1417000000, "netIncomeApplicableToCommonShares": 1413000000, "investments": -172000000, "changeToLiabilities": 221000000, "totalCashflowsFromInvestingActivities": -523000000, "netBorrowings": -1337000000, "totalCashFromFinancingActivities": -2097000000, "issuanceOfStock": 89000000, "changeInCash": -98000000, "repurchaseOfStock": -2000000, "effectOfExchangeRate": 42000000, "totalCashFromOperatingActivities": 2480000000, "depreciation": 481000000, "otherCashflowsFromInvestingActivities": 1000000, "dividendsPaid": -847000000, "changeToInventory": 241000000, "changeToAccountReceivables": -128000000, "otherCashflowsFromFinancingActivities": -2000000, "changeToNetincome": 379000000, "capitalExpenditures": -368000000}}, "MSFT": {"2021-06-30": {"intangibleAssets": 7800000000, "totalLiab": 191791000000, "totalStockholderEquity": 141988000000, "otherCurrentLiab": 52612000000, "totalAssets": 333779000000, "commonStock": 83111000000, "otherCurrentAssets": 13471000000, "retainedEarnings": 57055000000, "otherLiab": 31681000000, "goodWill": 49711000000, "treasuryStock": 1822000000, "otherAssets": 15075000000, "cash": 14224000000, "totalCurrentLiabilities": 88657000000, "deferredLongTermAssetCharges": 7181000000, "shortLongTermDebt": 8072000000, "otherStockholderEquity": 1822000000, "propertyPlantEquipment": 70803000000, "totalCurrentAssets": 184406000000, "longTermInvestments": 5984000000, "netTangibleAssets": 84477000000, "shortTermInvestments": 116032000000, "netReceivables": 38043000000, "longTermDebt": 50074000000, "inventory": 2636000000, "accountsPayable": 15163000000, "researchDevelopment": 5687000000, "effectOfAccountingCharges": null, "incomeBeforeTax": 19405000000, "minorityInterest": null, "netIncome": 16458000000, "sellingGeneralAdministrative": 7379000000, "grossProfit": 32161000000, "ebit": 19095000000, "operatingIncome": 19095000000, "otherOperatingExpenses": null, "interestExpense": -549000000, "extraordinaryItems": null, "nonRecurring": null, "otherItems": null, "incomeTaxExpense": 2947000000, "totalRevenue": 46152000000, "totalOperatingExpenses": 27057000000, "costOfRevenue": 13991000000, "totalOtherIncomeExpenseNet": 310000000, "discontinuedOperations": null, "netIncomeFromContinuingOps": 16458000000, "netIncomeApplicableToCommonShares": 16458000000, "investments": -4334000000, "changeToLiabilities": 13014000000, "totalCashflowsFromInvestingActivities": -10853000000, "totalCashFromFinancingActivities": -11371000000, "changeToOperatingActivities": 799000000, "issuanceOfStock": 450000000, "changeInCash": 522000000, "repurchaseOfStock": -7177000000, "effectOfExchangeRate": 36000000, "totalCashFromOperatingActivities": 22710000000, "depreciation": 2558000000, "otherCashflowsFromInvestingActivities": 434000000, "dividendsPaid": -4214000000, "changeToInventory": -388000000, "changeToAccountReceivables": -11606000000, "otherCashflowsFromFinancingActivities": -430000000, "changeToNetincome": 1907000000, "capitalExpenditures": -6452000000}, "2021-03-31": {"intangibleAssets": 8127000000, "totalLiab": 174374000000, "totalStockholderEquity": 134505000000, "otherCurrentLiab": 40069000000, "totalAssets": 308879000000, "commonStock": 82308000000, "otherCurrentAssets": 12034000000, "retainedEarnings": 50735000000, "otherLiab": 31601000000, "goodWill": 49698000000, "treasuryStock": 1462000000, "otherAssets": 14427000000, "cash": 13702000000, "totalCurrentLiabilities": 72193000000, "shortLongTermDebt": 8051000000, "otherStockholderEquity": 1462000000, "propertyPlantEquipment": 65618000000, "totalCurrentAssets": 165614000000, "longTermInvestments": 5395000000, "netTangibleAssets": 76680000000, "shortTermInvestments": 111311000000, "netReceivables": 26322000000, "longTermDebt": 50007000000, "inventory": 2245000000, "accountsPayable": 13412000000, "researchDevelopment": 5204000000, "effectOfAccountingCharges": null, "incomeBeforeTax": 17236000000, "minorityInterest": null, "netIncome": 15457000000, "sellingGeneralAdministrative": 6409000000, "grossProfit": 28661000000, "ebit": 17048000000, "operatingIncome": 17048000000, "otherOperatingExpenses": null, "interestExpense": -628000000, "extraordinaryItems": null, "nonRecurring": null, "otherItems": null, "incomeTaxExpense": 1779000000, "totalRevenue": 41706000000, "totalOperatingExpenses": 24658000000, "costOfRevenue": 13045000000, "totalOtherIncomeExpenseNet": 188000000, "discontinuedOperations": null, "netIncomeFromContinuingOps": 15457000000, "netIncomeApplicableToCommonShares": 15457000000, "investments": 2517000000, "changeToLiabilities": 360000000, "totalCashflowsFromInvestingActivities": -9684000000, "netBorrowings": -500000000, "totalCashFromFinancingActivities": -13192000000, "changeToOperatingActivities": 1305000000, "issuanceOfStock": 396000000, "changeInCash": -730000000, "repurchaseOfStock": -6930000000, "effectOfExchangeRate": -33000000, "totalCashFromOperatingActivities": 22179000000, "depreciation": 2936000000, "otherCashflowsFromInvestingActivities": 400000000, "dividendsPaid": -4221000000, "changeToInventory": -329000000, "changeToAccountReceivables": 290000000, "otherCashflowsFromFinancingActivities": -1937000000, "changeToNetincome": 1086000000, "capitalExpenditures": -5089000000}, "2020-12-31": {"intangibleAssets": 6555000000, "totalLiab": 173901000000, "totalStockholderEquity": 130236000000, "otherCurrentLiab": 39926000000, "totalAssets": 304137000000, "commonStock": 81896000000, "otherCurrentAssets": 12748000000, "retainedEarnings": 44973000000, "otherLiab": 31585000000, "goodWill": 44219000000, "treasuryStock": 3367000000, "otherAssets": 13561000000, "cash": 14432000000, "totalCurrentLiabilities": 67486000000, "shortLongTermDebt": 5387000000, "otherStockholderEquity": 3367000000, "propertyPlantEquipment": 62035000000, "totalCurrentAssets": 173973000000, "longTermInvestments": 3794000000, "netTangibleAssets": 79462000000, "shortTermInvestments": 117557000000, "netReceivables": 27312000000, "longTermDebt": 55136000000, "inventory": 1924000000, "accountsPayable": 12770000000, "researchDevelopment": 4899000000, "effectOfAccountingCharges": null, "incomeBeforeTax": 18337000000, "minorityInterest": null, "netIncome": 15463000000, "sellingGeneralAdministrative": 6086000000, "grossProfit": 28882000000, "ebit": 17897000000, "operatingIncome": 17897000000, "otherOperatingExpenses": null, "interestExpense": -568000000, "extraordinaryItems": null, "nonRecurring": null, "otherItems": null, "incomeTaxExpense": 2874000000, "totalRevenue": 43076000000, "totalOperatingExpenses": 25179000000, "costOfRevenue": 14194000000, "totalOtherIncomeExpenseNet": 440000000, "discontinuedOperations": null, "netIncomeFromContinuingOps": 15463000000, "netIncomeApplicableToCommonShares": 15463000000, "investments": 2593000000, "changeToLiabilities": -3194000000, "totalCashflowsFromInvestingActivities": -1669000000, "netBorrowings": -3250000000, "totalCashFromFinancingActivities": -13634000000, "changeToOperatingActivities": 1879000000, "issuanceOfStock": 302000000, "changeInCash": -2773000000, "repurchaseOfStock": -6535000000, "effectOfExchangeRate": 14000000, "totalCashFromOperatingActivities": 12516000000, "depreciation": 2761000000, "otherCashflowsFromInvestingActivities": 327000000, "dividendsPaid": -4230000000, "changeToInventory": 788000000, "changeToAccountReceivables": -4008000000, "otherCashflowsFromFinancingActivities": 79000000, "changeToNetincome": 1195000000, "capitalExpenditures": -4174000000}, "2020-09-30": {"intangibleAssets": 6923000000, "totalLiab": 177609000000, "totalStockholderEquity": 123392000000, "otherCurrentLiab": 42996000000, "totalAssets": 301001000000, "commonStock": 81089000000, "otherCurrentAssets": 13572000000, "retainedEarnings": 39193000000, "otherLiab": 33174000000, "goodWill": 43890000000, "treasuryStock": 3110000000, "otherAssets": 13034000000, "cash": 17205000000, "totalCurrentLiabilities": 70056000000, "shortLongTermDebt": 6497000000, "otherStockholderEquity": 3110000000, "propertyPlantEquipment": 56974000000, "totalCurrentAssets": 177077000000, "longTermInvestments": 3103000000, "netTangibleAssets": 72579000000, "shortTermInvestments": 120744000000, "netReceivables": 22851000000, "longTermDebt": 57055000000, "inventory": 2705000000, "accountsPayable": 12509000000, "researchDevelopment": 4926000000, "effectOfAccountingCharges": null, "incomeBeforeTax": 16124000000, "minorityInterest": null, "netIncome": 13893000000, "sellingGeneralAdministrative": 5350000000, "grossProfit": 26152000000, "ebit": 15876000000, "operatingIncome": 15876000000, "otherOperatingExpenses": null, "interestExpense": -585000000, "extraordinaryItems": null, "nonRecurring": null, "otherItems": null, "incomeTaxExpense": 2231000000, "totalRevenue": 37154000000, "totalOperatingExpenses": 21278000000, "costOfRevenue": 11002000000, "totalOtherIncomeExpenseNet": 248000000, "discontinuedOperations": null, "netIncomeFromContinuingOps": 13893000000, "netIncomeApplicableToCommonShares": 13893000000, "investments": 2100000000, "changeToLiabilities": -2749000000, "totalCashflowsFromInvestingActivities": -5371000000, "netBorrowings": -3250000000, "totalCashFromFinancingActivities": -10289000000, "changeToOperatingActivities": -2823000000, "issuanceOfStock": 545000000, "changeInCash": 3629000000, "repurchaseOfStock": -6743000000, "effectOfExchangeRate": -46000000, "totalCashFromOperatingActivities": 19335000000, "depreciation": 2645000000, "otherCashflowsFromInvestingActivities": -2083000000, "dividendsPaid": -3856000000, "changeToInventory": -808000000, "changeToAccountReceivables": 8843000000, "otherCashflowsFromFinancingActivities": -235000000, "changeToNetincome": 1317000000, "capitalExpenditures": -4907000000}}, "NKE": {"2021-05-31": {"intangibleAssets": 269000000, "capitalSurplus": 9965000000, "totalLiab": 24973000000, "totalStockholderEquity": 12767000000, "otherCurrentLiab": 2157000000, "totalAssets": 37740000000, "commonStock": 3000000, "otherCurrentAssets": 345000000, "retainedEarnings": 3179000000, "otherLiab": 2955000000, "goodWill": 242000000, "treasuryStock": -380000000, "otherAssets": 2921000000, "cash": 9889000000, "totalCurrentLiabilities": 9674000000, "deferredLongTermAssetCharges": 2613000000, "otherStockholderEquity": -380000000, "propertyPlantEquipment": 8017000000, "totalCurrentAssets": 26291000000, "netTangibleAssets": 12256000000, "shortTermInvestments": 3587000000, "netReceivables": 4463000000, "longTermDebt": 9413000000, "inventory": 6854000000, "accountsPayable": 2836000000, "researchDevelopment": null, "effectOfAccountingCharges": null, "incomeBeforeTax": 1854000000, "minorityInterest": null, "netIncome": 1509000000, "sellingGeneralAdministrative": 3655000000, "grossProfit": 5658000000, "ebit": 2003000000, "operatingIncome": 2003000000, "otherOperatingExpenses": null, "interestExpense": -76000000, "extraordinaryItems": null, "nonRecurring": null, "otherItems": null, "incomeTaxExpense": 345000000, "totalRevenue": 12344000000, "totalOperatingExpenses": 10341000000, "costOfRevenue": 6686000000, "totalOtherIncomeExpenseNet": -149000000, "discontinuedOperations": null, "netIncomeFromContinuingOps": 1509000000, "netIncomeApplicableToCommonShares": 1509000000, "investments": 374000000, "changeToLiabilities": 952000000, "totalCashflowsFromInvestingActivities": 187000000, "netBorrowings": -2000000, "totalCashFromFinancingActivities": -847000000, "changeToOperatingActivities": 224000000, "issuanceOfStock": 203000000, "changeInCash": 1373000000, "repurchaseOfStock": -608000000, "effectOfExchangeRate": 21000000, "totalCashFromOperatingActivities": 2012000000, "depreciation": 221000000, "otherCashflowsFromInvestingActivities": -13000000, "dividendsPaid": -435000000, "changeToInventory": -167000000, "changeToAccountReceivables": -769000000, "otherCashflowsFromFinancingActivities": -5000000, "changeToNetincome": 42000000, "capitalExpenditures": -174000000}, "2021-02-28": {"intangibleAssets": 271000000, "capitalSurplus": 9645000000, "totalLiab": 24254000000, "totalStockholderEquity": 11931000000, "otherCurrentLiab": 2238000000, "totalAssets": 36185000000, "commonStock": 3000000, "otherCurrentAssets": 257000000, "retainedEarnings": 2729000000, "otherLiab": 2984000000, "goodWill": 242000000, "treasuryStock": -446000000, "otherAssets": 2865000000, "cash": 8516000000, "totalCurrentLiabilities": 8894000000, "deferredLongTermAssetCharges": 2847000000, "otherStockholderEquity": -446000000, "propertyPlantEquipment": 8107000000, "totalCurrentAssets": 24700000000, "netTangibleAssets": 11418000000, "shortTermInvestments": 4012000000, "netReceivables": 3669000000, "longTermDebt": 9412000000, "inventory": 6693000000, "accountsPayable": 2257000000, "researchDevelopment": null, "effectOfAccountingCharges": null, "incomeBeforeTax": 1636000000, "minorityInterest": null, "netIncome": 1449000000, "sellingGeneralAdministrative": 3018000000, "grossProfit": 4725000000, "ebit": 1707000000, "operatingIncome": 1707000000, "otherOperatingExpenses": null, "interestExpense": -72000000, "extraordinaryItems": null, "nonRecurring": null, "otherItems": null, "incomeTaxExpense": 187000000, "totalRevenue": 10357000000, "totalOperatingExpenses": 8650000000, "costOfRevenue": 5632000000, "totalOtherIncomeExpenseNet": -71000000, "discontinuedOperations": null, "netIncomeFromContinuingOps": 1449000000, "netIncomeApplicableToCommonShares": 1449000000, "investments": -861000000, "changeToLiabilities": 539000000, "totalCashflowsFromInvestingActivities": -1110000000, "netBorrowings": -37000000, "totalCashFromFinancingActivities": -320000000, "changeToOperatingActivities": -243000000, "issuanceOfStock": 188000000, "changeInCash": -119000000, "repurchaseOfStock": -608000000, "effectOfExchangeRate": 21000000, "totalCashFromOperatingActivities": 1290000000, "depreciation": 112000000, "otherCashflowsFromInvestingActivities": -72000000, "dividendsPaid": -434000000, "changeToInventory": -647000000, "changeToAccountReceivables": 84000000, "otherCashflowsFromFinancingActivities": -37000000, "changeToNetincome": -4000000, "capitalExpenditures": -177000000}, "2020-11-30": {"intangibleAssets": 270000000, "capitalSurplus": 9336000000, "totalLiab": 24196000000, "totalStockholderEquity": 10640000000, "otherCurrentLiab": 2237000000, "totalAssets": 34836000000, "commonStock": 3000000, "otherCurrentAssets": 27000000, "retainedEarnings": 1730000000, "otherLiab": 3019000000, "goodWill": 223000000, "treasuryStock": -429000000, "otherAssets": 2691000000, "cash": 8635000000, "totalCurrentLiabilities": 8871000000, "deferredLongTermAssetCharges": 2688000000, "otherStockholderEquity": -429000000, "propertyPlantEquipment": 8045000000, "totalCurrentAssets": 23607000000, "netTangibleAssets": 10147000000, "shortTermInvestments": 3177000000, "netReceivables": 3713000000, "longTermDebt": 9410000000, "inventory": 6090000000, "accountsPayable": 2154000000, "researchDevelopment": null, "effectOfAccountingCharges": null, "incomeBeforeTax": 1456000000, "minorityInterest": null, "netIncome": 1251000000, "sellingGeneralAdministrative": 3160000000, "grossProfit": 4877000000, "ebit": 1717000000, "operatingIncome": 1717000000, "otherOperatingExpenses": null, "interestExpense": -76000000, "extraordinaryItems": null, "nonRecurring": null, "otherItems": null, "incomeTaxExpense": 205000000, "totalRevenue": 11243000000, "totalOperatingExpenses": 9526000000, "costOfRevenue": 6366000000, "totalOtherIncomeExpenseNet": -261000000, "discontinuedOperations": null, "netIncomeFromContinuingOps": 1251000000, "netIncomeApplicableToCommonShares": 1251000000, "investments": -2074000000, "changeToLiabilities": -80000000, "totalCashflowsFromInvestingActivities": -1988000000, "netBorrowings": -97000000, "totalCashFromFinancingActivities": -44000000, "changeToOperatingActivities": 175000000, "issuanceOfStock": 479000000, "changeInCash": 487000000, "repurchaseOfStock": -608000000, "effectOfExchangeRate": 46000000, "totalCashFromOperatingActivities": 2473000000, "depreciation": 247000000, "otherCashflowsFromInvestingActivities": 254000000, "dividendsPaid": -385000000, "changeToInventory": 632000000, "changeToAccountReceivables": 69000000, "otherCashflowsFromFinancingActivities": -41000000, "changeToNetincome": 179000000, "capitalExpenditures": -168000000}, "2020-08-31": {"intangibleAssets": 272000000, "capitalSurplus": 8695000000, "totalLiab": 24034000000, "totalStockholderEquity": 9224000000, "otherCurrentLiab": 2374000000, "totalAssets": 33258000000, "commonStock": 3000000, "otherCurrentAssets": 43000000, "retainedEarnings": 927000000, "otherLiab": 3046000000, "goodWill": 223000000, "treasuryStock": -401000000, "otherAssets": 2699000000, "cash": 8148000000, "totalCurrentLiabilities": 8619000000, "deferredLongTermAssetCharges": 2694000000, "shortLongTermDebt": 1000000, "otherStockholderEquity": -401000000, "propertyPlantEquipment": 8127000000, "totalCurrentAssets": 21937000000, "netTangibleAssets": 8729000000, "shortTermInvestments": 1332000000, "netReceivables": 3813000000, "longTermDebt": 9408000000, "inventory": 6705000000, "accountsPayable": 1983000000, "researchDevelopment": null, "effectOfAccountingCharges": null, "incomeBeforeTax": 1715000000, "minorityInterest": null, "netIncome": 1518000000, "sellingGeneralAdministrative": 2835000000, "grossProfit": 4741000000, "ebit": 1906000000, "operatingIncome": 1906000000, "otherOperatingExpenses": null, "interestExpense": -72000000, "extraordinaryItems": null, "nonRecurring": null, "otherItems": null, "incomeTaxExpense": 197000000, "totalRevenue": 10594000000, "totalOperatingExpenses": 8688000000, "costOfRevenue": 5853000000, "totalOtherIncomeExpenseNet": -191000000, "discontinuedOperations": null, "netIncomeFromContinuingOps": 1518000000, "netIncomeApplicableToCommonShares": 1518000000, "investments": -715000000, "changeToLiabilities": -85000000, "totalCashflowsFromInvestingActivities": -889000000, "netBorrowings": -113000000, "totalCashFromFinancingActivities": -248000000, "changeToOperatingActivities": -338000000, "issuanceOfStock": 302000000, "changeInCash": -200000000, "repurchaseOfStock": -608000000, "effectOfExchangeRate": 55000000, "totalCashFromOperatingActivities": 882000000, "depreciation": 217000000, "otherCashflowsFromInvestingActivities": 2000000, "dividendsPaid": -384000000, "changeToInventory": 689000000, "changeToAccountReceivables": -990000000, "otherCashflowsFromFinancingActivities": -53000000, "changeToNetincome": -129000000, "capitalExpenditures": -176000000}}, "NVDA": {"2021-08-01": {"intangibleAssets": 2478000000, "capitalSurplus": 9745000000, "totalLiab": 17503000000, "totalStockholderEquity": 21147000000, "otherCurrentLiab": 1342000000, "totalAssets": 38650000000, "commonStock": 3000000, "otherCurrentAssets": 257000000, "retainedEarnings": 22995000000, "otherLiab": 1396000000, "goodWill": 4193000000, "treasuryStock": -11596000000, "otherAssets": 2861000000, "cash": 5628000000, "totalCurrentLiabilities": 4448000000, "deferredLongTermAssetCharges": 958000000, "shortLongTermDebt": 1000000000, "otherStockholderEquity": 8000000, "propertyPlantEquipment": 3165000000, "totalCurrentAssets": 25806000000, "longTermInvestments": 147000000, "netTangibleAssets": 14476000000, "shortTermInvestments": 14026000000, "netReceivables": 3586000000, "longTermDebt": 10943000000, "inventory": 2114000000, "accountsPayable": 1474000000, "researchDevelopment": 1245000000, "effectOfAccountingCharges": null, "incomeBeforeTax": 2394000000, "minorityInterest": null, "netIncome": 2374000000, "sellingGeneralAdministrative": 526000000, "grossProfit": 4215000000, "ebit": 2444000000, "operatingIncome": 2444000000, "otherOperatingExpenses": null, "interestExpense": -60000000, "extraordinaryItems": null, "nonRecurring": null, "otherItems": null, "incomeTaxExpense": 20000000, "totalRevenue": 6507000000, "totalOperatingExpenses": 4063000000, "costOfRevenue": 2292000000, "totalOtherIncomeExpenseNet": -50000000, "discontinuedOperations": null, "netIncomeFromContinuingOps": 2374000000, "netIncomeApplicableToCommonShares": 2374000000, "investments": -2350000000, "changeToLiabilities": 209000000, "totalCashflowsFromInvestingActivities": -2533000000, "netBorrowings": 4985000000, "totalCashFromFinancingActivities": 4501000000, "changeToOperatingActivities": 200000000, "issuanceOfStock": 2000000, "changeInCash": 4650000000, "repurchaseOfStock": -366000000, "totalCashFromOperatingActivities": 2682000000, "depreciation": 286000000, "dividendsPaid": -99000000, "changeToInventory": -123000000, "changeToAccountReceivables": -562000000, "otherCashflowsFromFinancingActivities": -21000000, "changeToNetincome": 299000000, "capitalExpenditures": -183000000}, "2021-05-02": {"intangibleAssets": 2613000000, "capitalSurplus": 9280000000, "totalLiab": 12022000000, "totalStockholderEquity": 18774000000, "otherCurrentLiab": 1335000000, "totalAssets": 30796000000, "commonStock": 1000000, "otherCurrentAssets": 265000000, "retainedEarnings": 20721000000, "otherLiab": 1414000000, "goodWill": 4193000000, "treasuryStock": -11228000000, "otherAssets": 2722000000, "cash": 978000000, "totalCurrentLiabilities": 4004000000, "deferredLongTermAssetCharges": 778000000, "shortLongTermDebt": 999000000, "otherStockholderEquity": 14000000, "propertyPlantEquipment": 2995000000, "totalCurrentAssets": 18127000000, "longTermInvestments": 146000000, "netTangibleAssets": 11968000000, "shortTermInvestments": 11689000000, "netReceivables": 3024000000, "longTermDebt": 5964000000, "inventory": 1992000000, "accountsPayable": 1218000000, "researchDevelopment": 1153000000, "effectOfAccountingCharges": null, "incomeBeforeTax": 2044000000, "minorityInterest": null, "netIncome": 1912000000, "sellingGeneralAdministrative": 520000000, "grossProfit": 3629000000, "ebit": 1956000000, "operatingIncome": 1956000000, "otherOperatingExpenses": null, "interestExpense": -53000000, "extraordinaryItems": null, "nonRecurring": null, "otherItems": null, "incomeTaxExpense": 132000000, "totalRevenue": 5661000000, "totalOperatingExpenses": 3705000000, "costOfRevenue": 2032000000, "totalOtherIncomeExpenseNet": 88000000, "discontinuedOperations": null, "netIncomeFromContinuingOps": 1912000000, "netIncomeApplicableToCommonShares": 1912000000, "investments": -974000000, "changeToLiabilities": 70000000, "totalCashflowsFromInvestingActivities": -1272000000, "netBorrowings": 4985000000, "totalCashFromFinancingActivities": -471000000, "changeToOperatingActivities": 48000000, "issuanceOfStock": 126000000, "changeInCash": 131000000, "repurchaseOfStock": -477000000, "totalCashFromOperatingActivities": 1874000000, "depreciation": 281000000, "dividendsPaid": -99000000, "changeToInventory": -159000000, "changeToAccountReceivables": -595000000, "otherCashflowsFromFinancingActivities": -21000000, "changeToNetincome": 317000000, "capitalExpenditures": -298000000}, "2021-01-31": {"intangibleAssets": 2737000000, "capitalSurplus": 8721000000, "totalLiab": 11898000000, "totalStockholderEquity": 16893000000, "otherCurrentLiab": 1207000000, "totalAssets": 28791000000, "commonStock": 1000000, "retainedEarnings": 18908000000, "otherLiab": 1375000000, "goodWill": 4193000000, "treasuryStock": -10737000000, "otherAssets": 2806000000, "cash": 847000000, "totalCurrentLiabilities": 3925000000, "deferredLongTermAssetCharges": 806000000, "shortLongTermDebt": 999000000, "otherStockholderEquity": 19000000, "propertyPlantEquipment": 2856000000, "totalCurrentAssets": 16055000000, "longTermInvestments": 144000000, "netTangibleAssets": 9963000000, "shortTermInvestments": 10714000000, "netReceivables": 2429000000, "longTermDebt": 5964000000, "inventory": 1826000000, "accountsPayable": 1201000000, "researchDevelopment": 1146000000, "effectOfAccountingCharges": null, "incomeBeforeTax": 1470000000, "minorityInterest": null, "netIncome": 1457000000, "sellingGeneralAdministrative": 502000000, "grossProfit": 3156000000, "ebit": 1508000000, "operatingIncome": 1508000000, "otherOperatingExpenses": null, "interestExpense": -53000000, "extraordinaryItems": null, "nonRecurring": null, "otherItems": null, "incomeTaxExpense": 13000000, "totalRevenue": 5003000000, "totalOperatingExpenses": 3495000000, "costOfRevenue": 1847000000, "totalOtherIncomeExpenseNet": -38000000, "discontinuedOperations": null, "netIncomeFromContinuingOps": 1457000000, "netIncomeApplicableToCommonShares": 1457000000, "investments": -2846000000, "changeToLiabilities": 74000000, "totalCashflowsFromInvestingActivities": -3129000000, "netBorrowings": -3000000, "totalCashFromFinancingActivities": -342000000, "changeToOperatingActivities": 232000000, "issuanceOfStock": 4000000, "changeInCash": -1404000000, "repurchaseOfStock": -226000000, "totalCashFromOperatingActivities": 2067000000, "depreciation": 288000000, "dividendsPaid": -99000000, "changeToInventory": -334000000, "changeToAccountReceivables": 117000000, "otherCashflowsFromFinancingActivities": -18000000, "changeToNetincome": 233000000, "capitalExpenditures": -283000000}, "2020-10-25": {"intangibleAssets": 2861000000, "capitalSurplus": 8301000000, "totalLiab": 11547000000, "totalStockholderEquity": 15334000000, "otherCurrentLiab": 1134000000, "totalAssets": 26881000000, "commonStock": 1000000, "retainedEarnings": 17550000000, "otherLiab": 1311000000, "goodWill": 4193000000, "treasuryStock": -10518000000, "otherAssets": 2588000000, "cash": 2251000000, "totalCurrentLiabilities": 3669000000, "deferredLongTermAssetCharges": 666000000, "shortLongTermDebt": 998000000, "otherStockholderEquity": 12000000, "propertyPlantEquipment": 2740000000, "totalCurrentAssets": 14393000000, "longTermInvestments": 106000000, "netTangibleAssets": 8280000000, "shortTermInvestments": 7888000000, "netReceivables": 2546000000, "longTermDebt": 5963000000, "inventory": 1495000000, "accountsPayable": 1097000000, "researchDevelopment": 1047000000, "effectOfAccountingCharges": null, "incomeBeforeTax": 1348000000, "minorityInterest": null, "netIncome": 1336000000, "sellingGeneralAdministrative": 515000000, "grossProfit": 2960000000, "ebit": 1398000000, "operatingIncome": 1398000000, "otherOperatingExpenses": null, "interestExpense": -53000000, "extraordinaryItems": null, "nonRecurring": null, "otherItems": null, "incomeTaxExpense": 12000000, "totalRevenue": 4726000000, "totalOperatingExpenses": 3328000000, "costOfRevenue": 1766000000, "totalOtherIncomeExpenseNet": -50000000, "discontinuedOperations": null, "netIncomeFromContinuingOps": 1336000000, "netIncomeApplicableToCommonShares": 1336000000, "investments": -175000000, "changeToLiabilities": 226000000, "totalCashflowsFromInvestingActivities": -2001000000, "netBorrowings": -3000000, "totalCashFromFinancingActivities": -301000000, "changeToOperatingActivities": -360000000, "issuanceOfStock": 96000000, "changeInCash": -1023000000, "repurchaseOfStock": -298000000, "totalCashFromOperatingActivities": 1279000000, "depreciation": 299000000, "dividendsPaid": -99000000, "changeToInventory": -93000000, "changeToAccountReceivables": -462000000, "otherCashflowsFromFinancingActivities": -18000000, "changeToNetincome": 333000000, "capitalExpenditures": -473000000}}, "PEP": {"2021-06-12": {"intangibleAssets": 19424000000, "capitalSurplus": 3863000000, "totalLiab": 76987000000, "totalStockholderEquity": 15299000000, "minorityInterest": 99000000, "totalAssets": 92385000000, "commonStock": 23000000, "retainedEarnings": 64605000000, "otherLiab": 15330000000, "goodWill": 18893000000, "treasuryStock": -53192000000, "otherAssets": 8078000000, "cash": 5449000000, "totalCurrentLiabilities": 23623000000, "deferredLongTermAssetCharges": 4370000000, "otherStockholderEquity": -14859000000, "propertyPlantEquipment": 21619000000, "totalCurrentAssets": 21597000000, "longTermInvestments": 2774000000, "netTangibleAssets": -23018000000, "shortTermInvestments": 328000000, "netReceivables": 9722000000, "longTermDebt": 38034000000, "inventory": 5006000000, "accountsPayable": 19359000000, "researchDevelopment": null, "effectOfAccountingCharges": null, "incomeBeforeTax": 3014000000, "netIncome": 2358000000, "sellingGeneralAdministrative": 7049000000, "grossProfit": 10340000000, "ebit": 3292000000, "operatingIncome": 3292000000, "otherOperatingExpenses": -1000000, "interestExpense": -194000000, "extraordinaryItems": null, "nonRecurring": null, "otherItems": null, "incomeTaxExpense": 642000000, "totalRevenue": 19217000000, "totalOperatingExpenses": 15925000000, "costOfRevenue": 8877000000, "totalOtherIncomeExpenseNet": -278000000, "discontinuedOperations": null, "netIncomeFromContinuingOps": 2372000000, "netIncomeApplicableToCommonShares": 2358000000, "investments": 530000000, "changeToLiabilities": 792000000, "totalCashflowsFromInvestingActivities": -210000000, "netBorrowings": -1660000000, "totalCashFromFinancingActivities": -3056000000, "changeToOperatingActivities": 170000000, "issuanceOfStock": 38000000, "changeInCash": -185000000, "repurchaseOfStock": -2000000, "effectOfExchangeRate": 22000000, "totalCashFromOperatingActivities": 3059000000, "depreciation": 653000000, "otherCashflowsFromInvestingActivities": 1000000, "dividendsPaid": -1413000000, "changeToInventory": -413000000, "changeToAccountReceivables": -759000000, "otherCashflowsFromFinancingActivities": -19000000, "changeToNetincome": -31000000, "capitalExpenditures": -834000000}, "2021-03-20": {"intangibleAssets": 19331000000, "capitalSurplus": 3800000000, "totalLiab": 77171000000, "totalStockholderEquity": 13947000000, "minorityInterest": 106000000, "totalAssets": 91224000000, "commonStock": 23000000, "retainedEarnings": 63740000000, "otherLiab": 15487000000, "goodWill": 18779000000, "treasuryStock": -53616000000, "otherAssets": 7892000000, "cash": 5661000000, "totalCurrentLiabilities": 22693000000, "deferredLongTermAssetCharges": 4370000000, "otherStockholderEquity": -15246000000, "propertyPlantEquipment": 21249000000, "totalCurrentAssets": 21196000000, "longTermInvestments": 2777000000, "netTangibleAssets": -24163000000, "shortTermInvestments": 964000000, "netReceivables": 8885000000, "longTermDebt": 38991000000, "inventory": 4556000000, "accountsPayable": 18019000000, "researchDevelopment": null, "effectOfAccountingCharges": null, "incomeBeforeTax": 2174000000, "netIncome": 1714000000, "sellingGeneralAdministrative": 5852000000, "grossProfit": 8151000000, "ebit": 2300000000, "operatingIncome": 2300000000, "otherOperatingExpenses": -1000000, "interestExpense": -258000000, "extraordinaryItems": null, "nonRecurring": null, "otherItems": null, "incomeTaxExpense": 451000000, "totalRevenue": 14820000000, "totalOperatingExpenses": 12520000000, "costOfRevenue": 6669000000, "totalOtherIncomeExpenseNet": -126000000, "discontinuedOperations": null, "netIncomeFromContinuingOps": 1723000000, "netIncomeApplicableToCommonShares": 1714000000, "investments": 538000000, "changeToLiabilities": -1906000000, "totalCashflowsFromInvestingActivities": 94000000, "netBorrowings": -344000000, "totalCashFromFinancingActivities": -1888000000, "changeToOperatingActivities": -210000000, "issuanceOfStock": 62000000, "changeInCash": -2523000000, "repurchaseOfStock": -177000000, "effectOfExchangeRate": -10000000, "totalCashFromOperatingActivities": -719000000, "depreciation": 560000000, "otherCashflowsFromInvestingActivities": 1000000, "dividendsPaid": -1429000000, "changeToInventory": -397000000, "changeToAccountReceivables": -455000000, "otherCashflowsFromFinancingActivities": -19000000, "changeToNetincome": -252000000, "capitalExpenditures": -471000000}, "2020-12-26": {"intangibleAssets": 19315000000, "capitalSurplus": 3910000000, "totalLiab": 79366000000, "totalStockholderEquity": 13454000000, "minorityInterest": 98000000, "deferredLongTermLiab": 130000000, "otherCurrentLiab": 5285000000, "totalAssets": 92918000000, "commonStock": 23000000, "otherCurrentAssets": 48000000, "retainedEarnings": 63443000000, "otherLiab": 14391000000, "goodWill": 18757000000, "treasuryStock": -53922000000, "otherAssets": 6014000000, "cash": 8185000000, "totalCurrentLiabilities": 23372000000, "deferredLongTermAssetCharges": 4372000000, "shortLongTermDebt": 3358000000, "otherStockholderEquity": -15476000000, "propertyPlantEquipment": 23039000000, "totalCurrentAssets": 23001000000, "longTermInvestments": 2792000000, "netTangibleAssets": -24618000000, "shortTermInvestments": 1366000000, "netReceivables": 8404000000, "longTermDebt": 40370000000, "inventory": 4172000000, "accountsPayable": 8853000000, "researchDevelopment": 719000000, "effectOfAccountingCharges": null, "incomeBeforeTax": 2357000000, "netIncome": 1845000000, "sellingGeneralAdministrative": 8500000000, "grossProfit": 12057000000, "ebit": 2848000000, "operatingIncome": 2848000000, "otherOperatingExpenses": -10000000, "interestExpense": -339000000, "extraordinaryItems": null, "nonRecurring": null, "otherItems": null, "incomeTaxExpense": 498000000, "totalRevenue": 22455000000, "totalOperatingExpenses": 19607000000, "costOfRevenue": 10398000000, "totalOtherIncomeExpenseNet": -491000000, "discontinuedOperations": null, "netIncomeFromContinuingOps": 1859000000, "netIncomeApplicableToCommonShares": 1845000000, "investments": -731000000, "changeToLiabilities": 477000000, "totalCashflowsFromInvestingActivities": -2858000000, "netBorrowings": -714000000, "totalCashFromFinancingActivities": -2592000000, "changeToOperatingActivities": 228000000, "issuanceOfStock": 34000000, "changeInCash": -905000000, "repurchaseOfStock": -467000000, "effectOfExchangeRate": 55000000, "totalCashFromOperatingActivities": 4490000000, "depreciation": 665000000, "otherCashflowsFromInvestingActivities": 9000000, "dividendsPaid": -1415000000, "changeToInventory": 33000000, "changeToAccountReceivables": 1010000000, "otherCashflowsFromFinancingActivities": -30000000, "changeToNetincome": 822000000, "capitalExpenditures": -2166000000}, "2020-09-05": {"intangibleAssets": 19186000000, "capitalSurplus": 3848000000, "totalLiab": 78446000000, "totalStockholderEquity": 13483000000, "minorityInterest": 112000000, "totalAssets": 92041000000, "commonStock": 23000000, "retainedEarnings": 63013000000, "otherLiab": 14558000000, "goodWill": 18603000000, "treasuryStock": -53401000000, "otherAssets": 7714000000, "cash": 9094000000, "totalCurrentLiabilities": 26009000000, "deferredLongTermAssetCharges": 4357000000, "otherStockholderEquity": -15357000000, "propertyPlantEquipment": 19726000000, "totalCurrentAssets": 24060000000, "longTermInvestments": 2752000000, "netTangibleAssets": -24306000000, "shortTermInvestments": 611000000, "netReceivables": 9295000000, "longTermDebt": 37879000000, "inventory": 4135000000, "accountsPayable": 19317000000, "researchDevelopment": 719000000, "effectOfAccountingCharges": null, "incomeBeforeTax": 2833000000, "netIncome": 2291000000, "sellingGeneralAdministrative": 6776000000, "grossProfit": 9947000000, "ebit": 3169000000, "operatingIncome": 3169000000, "otherOperatingExpenses": 2000000, "interestExpense": -264000000, "extraordinaryItems": null, "nonRecurring": null, "otherItems": null, "incomeTaxExpense": 526000000, "totalRevenue": 18091000000, "totalOperatingExpenses": 14922000000, "costOfRevenue": 8144000000, "totalOtherIncomeExpenseNet": -336000000, "discontinuedOperations": null, "netIncomeFromContinuingOps": 2307000000, "netIncomeApplicableToCommonShares": 2291000000, "investments": -395000000, "changeToLiabilities": 1625000000, "totalCashflowsFromInvestingActivities": -1999000000, "netBorrowings": -753000000, "totalCashFromFinancingActivities": -2560000000, "changeToOperatingActivities": 49000000, "issuanceOfStock": 25000000, "changeInCash": 170000000, "repurchaseOfStock": -413000000, "effectOfExchangeRate": 68000000, "totalCashFromOperatingActivities": 4661000000, "depreciation": 609000000, "otherCashflowsFromInvestingActivities": -2000000, "dividendsPaid": -1417000000, "changeToInventory": 278000000, "changeToAccountReceivables": -329000000, "otherCashflowsFromFinancingActivities": -2000000, "changeToNetincome": 3000000, "capitalExpenditures": -886000000}}, "PG": {"2021-06-30": {"intangibleAssets": 23642000000, "capitalSurplus": 64848000000, "totalLiab": 72653000000, "totalStockholderEquity": 45508000000, "minorityInterest": 276000000, "otherCurrentLiab": 4019000000, "totalAssets": 119307000000, "commonStock": 4009000000, "retainedEarnings": 106374000000, "otherLiab": 15791000000, "goodWill": 40924000000, "treasuryStock": -129723000000, "otherAssets": 8964000000, "cash": 10288000000, "totalCurrentLiabilities": 33132000000, "shortLongTermDebt": 3620000000, "otherStockholderEquity": -14750000000, "propertyPlantEquipment": 22494000000, "totalCurrentAssets": 23091000000, "longTermInvestments": 192000000, "netTangibleAssets": -19058000000, "netReceivables": 4725000000, "longTermDebt": 23099000000, "inventory": 5983000000, "accountsPayable": 13720000000, "researchDevelopment": null, "effectOfAccountingCharges": null, "incomeBeforeTax": 3564000000, "netIncome": 2906000000, "sellingGeneralAdministrative": 4616000000, "grossProfit": 9289000000, "ebit": 4673000000, "operatingIncome": 4673000000, "otherOperatingExpenses": null, "interestExpense": -117000000, "extraordinaryItems": null, "nonRecurring": null, "otherItems": null, "incomeTaxExpense": 656000000, "totalRevenue": 18946000000, "totalOperatingExpenses": 14273000000, "costOfRevenue": 9657000000, "totalOtherIncomeExpenseNet": -1109000000, "discontinuedOperations": null, "netIncomeFromContinuingOps": 2908000000, "netIncomeApplicableToCommonShares": 2832000000, "investments": -45000000, "changeToLiabilities": 342000000, "totalCashflowsFromInvestingActivities": -791000000, "netBorrowings": 1938000000, "totalCashFromFinancingActivities": -3085000000, "changeToOperatingActivities": -277000000, "issuanceOfStock": 174000000, "changeInCash": 281000000, "repurchaseOfStock": -3000000000, "effectOfExchangeRate": 36000000, "totalCashFromOperatingActivities": 4121000000, "depreciation": 710000000, "dividendsPaid": -2197000000, "changeToInventory": 90000000, "changeToAccountReceivables": 262000000, "changeToNetincome": 88000000, "capitalExpenditures": -714000000}, "2021-03-31": {"intangibleAssets": 23658000000, "capitalSurplus": 64682000000, "totalLiab": 69859000000, "totalStockholderEquity": 45723000000, "minorityInterest": 323000000, "totalAssets": 116778000000, "commonStock": 4009000000, "retainedEarnings": 105674000000, "otherLiab": 16790000000, "goodWill": 40612000000, "treasuryStock": -128642000000, "otherAssets": 8665000000, "cash": 10007000000, "totalCurrentLiabilities": 32016000000, "shortLongTermDebt": 8773000000, "otherStockholderEquity": -16495000000, "propertyPlantEquipment": 21103000000, "totalCurrentAssets": 22608000000, "longTermInvestments": 132000000, "netTangibleAssets": -18547000000, "netReceivables": 4861000000, "longTermDebt": 21053000000, "inventory": 6002000000, "accountsPayable": 12134000000, "researchDevelopment": null, "effectOfAccountingCharges": null, "incomeBeforeTax": 3877000000, "netIncome": 3269000000, "sellingGeneralAdministrative": 5402000000, "grossProfit": 9187000000, "ebit": 3785000000, "operatingIncome": 3785000000, "otherOperatingExpenses": null, "interestExpense": -106000000, "extraordinaryItems": null, "nonRecurring": null, "otherItems": null, "incomeTaxExpense": 628000000, "totalRevenue": 18109000000, "totalOperatingExpenses": 14324000000, "costOfRevenue": 8922000000, "totalOtherIncomeExpenseNet": 92000000, "discontinuedOperations": null, "netIncomeFromContinuingOps": 3249000000, "netIncomeApplicableToCommonShares": 3204000000, "investments": -10000000, "changeToLiabilities": 737000000, "totalCashflowsFromInvestingActivities": -665000000, "netBorrowings": -1144000000, "totalCashFromFinancingActivities": -5275000000, "changeToOperatingActivities": -78000000, "issuanceOfStock": 369000000, "changeInCash": -1934000000, "repurchaseOfStock": -3001000000, "effectOfExchangeRate": -81000000, "totalCashFromOperatingActivities": 4087000000, "depreciation": 683000000, "dividendsPaid": -2011000000, "changeToInventory": -182000000, "changeToAccountReceivables": -142000000, "otherCashflowsFromFinancingActivities": 512000000, "changeToNetincome": -200000000, "capitalExpenditures": -656000000}, "2020-12-31": {"intangibleAssets": 23864000000, "capitalSurplus": 64672000000, "totalLiab": 71572000000, "totalStockholderEquity": 47296000000, "minorityInterest": 359000000, "totalAssets": 120112000000, "commonStock": 4009000000, "retainedEarnings": 104361000000, "otherLiab": 17314000000, "goodWill": 41381000000, "treasuryStock": -125746000000, "otherAssets": 8726000000, "cash": 11941000000, "totalCurrentLiabilities": 31744000000, "shortLongTermDebt": 8586000000, "otherStockholderEquity": -16163000000, "propertyPlantEquipment": 21416000000, "totalCurrentAssets": 24655000000, "longTermInvestments": 70000000, "netTangibleAssets": -17949000000, "netReceivables": 4819000000, "longTermDebt": 22514000000, "inventory": 5957000000, "accountsPayable": 12027000000, "researchDevelopment": null, "effectOfAccountingCharges": null, "incomeBeforeTax": 4877000000, "netIncome": 3854000000, "sellingGeneralAdministrative": 5112000000, "grossProfit": 10492000000, "ebit": 5380000000, "operatingIncome": 5380000000, "otherOperatingExpenses": null, "interestExpense": -143000000, "extraordinaryItems": null, "nonRecurring": null, "otherItems": null, "incomeTaxExpense": 990000000, "totalRevenue": 19745000000, "totalOperatingExpenses": 14365000000, "costOfRevenue": 9253000000, "totalOtherIncomeExpenseNet": -503000000, "discontinuedOperations": null, "netIncomeFromContinuingOps": 3887000000, "netIncomeApplicableToCommonShares": 3788000000, "investments": -10000000, "changeToLiabilities": -130000000, "totalCashflowsFromInvestingActivities": -549000000, "netBorrowings": -1104000000, "totalCashFromFinancingActivities": -6441000000, "changeToOperatingActivities": 16000000, "issuanceOfStock": 208000000, "changeInCash": -1451000000, "repurchaseOfStock": -3008000000, "effectOfExchangeRate": 115000000, "totalCashFromOperatingActivities": 5424000000, "depreciation": 671000000, "dividendsPaid": -2025000000, "changeToInventory": -80000000, "changeToAccountReceivables": 363000000, "otherCashflowsFromFinancingActivities": -512000000, "changeToNetincome": 730000000, "capitalExpenditures": -567000000}, "2020-09-30": {"intangibleAssets": 23814000000, "capitalSurplus": 64467000000, "totalLiab": 71323000000, "totalStockholderEquity": 47294000000, "minorityInterest": 394000000, "totalAssets": 119899000000, "commonStock": 4009000000, "retainedEarnings": 102539000000, "otherLiab": 17367000000, "goodWill": 40569000000, "treasuryStock": -123721000000, "otherAssets": 8548000000, "cash": 13392000000, "totalCurrentLiabilities": 30008000000, "shortLongTermDebt": 7707000000, "otherStockholderEquity": -16927000000, "propertyPlantEquipment": 20876000000, "totalCurrentAssets": 26026000000, "longTermInvestments": 66000000, "netTangibleAssets": -17089000000, "netReceivables": 5043000000, "longTermDebt": 23948000000, "inventory": 5707000000, "accountsPayable": 11935000000, "researchDevelopment": null, "effectOfAccountingCharges": null, "incomeBeforeTax": 5297000000, "netIncome": 4277000000, "sellingGeneralAdministrative": 4978000000, "grossProfit": 10176000000, "ebit": 5198000000, "operatingIncome": 5198000000, "otherOperatingExpenses": null, "interestExpense": -136000000, "extraordinaryItems": null, "nonRecurring": null, "otherItems": null, "incomeTaxExpense": 989000000, "totalRevenue": 19318000000, "totalOperatingExpenses": 14120000000, "costOfRevenue": 9142000000, "totalOtherIncomeExpenseNet": 99000000, "discontinuedOperations": null, "netIncomeFromContinuingOps": 4308000000, "netIncomeApplicableToCommonShares": 4211000000, "investments": -10000000, "changeToLiabilities": 442000000, "totalCashflowsFromInvestingActivities": -829000000, "netBorrowings": -3593000000, "totalCashFromFinancingActivities": -6730000000, "changeToOperatingActivities": -30000000, "issuanceOfStock": 893000000, "changeInCash": -2789000000, "repurchaseOfStock": -2000000000, "effectOfExchangeRate": 31000000, "totalCashFromOperatingActivities": 4739000000, "depreciation": 671000000, "dividendsPaid": -2030000000, "changeToInventory": -137000000, "changeToAccountReceivables": -825000000, "otherCashflowsFromFinancingActivities": -512000000, "changeToNetincome": 341000000, "capitalExpenditures": -850000000}}, "0700.HK": {"2021-06-30": {"intangibleAssets": 177857000000, "capitalSurplus": 58013000000, "totalLiab": 590801000000, "totalStockholderEquity": 846207000000, "minorityInterest": 80764000000, "otherCurrentLiab": 127051000000, "totalAssets": 1517772000000, "otherCurrentAssets": 26497000000, "retainedEarnings": 620202000000, "otherLiab": 39803000000, "treasuryStock": 167992000000, "otherAssets": 53466000000, "cash": 141721000000, "totalCurrentLiabilities": 277605000000, "deferredLongTermAssetCharges": 22971000000, "shortLongTermDebt": 4181000000, "otherStockholderEquity": 167992000000, "propertyPlantEquipment": 80715000000, "totalCurrentAssets": 331285000000, "longTermInvestments": 874449000000, "netTangibleAssets": 668350000000, "shortTermInvestments": 65801000000, "netReceivables": 69745000000, "longTermDebt": 262431000000, "inventory": 1020000000, "accountsPayable": 99279000000, "researchDevelopment": null, "effectOfAccountingCharges": null, "incomeBeforeTax": 46688000000, "netIncome": 42587000000, "sellingGeneralAdministrative": 32651000000, "grossProfit": 62745000000, "ebit": 33153000000, "operatingIncome": 33153000000, "otherOperatingExpenses": -3059000000, "interestExpense": -1912000000, "extraordinaryItems": null, "nonRecurring": null, "otherItems": null, "incomeTaxExpense": 3666000000, "totalRevenue": 138259000000, "totalOperatingExpenses": 105106000000, "costOfRevenue": 75514000000, "totalOtherIncomeExpenseNet": 13535000000, "discontinuedOperations": null, "netIncomeFromContinuingOps": 43022000000, "netIncomeApplicableToCommonShares": 42587000000, "investments": -66168000000, "changeToLiabilities": 0, "totalCashflowsFromInvestingActivities": -46902000000, "netBorrowings": 28635000000, "totalCashFromFinancingActivities": 10071000000, "issuanceOfStock": 208000000, "changeInCash": -6900000000, "repurchaseOfStock": -530000000, "effectOfExchangeRate": -2021000000, "totalCashFromOperatingActivities": 31952000000, "depreciation": 14473000000, "otherCashflowsFromInvestingActivities": 37626000000, "dividendsPaid": -12503000000, "otherCashflowsFromFinancingActivities": -5739000000, "changeToNetincome": -25108000000, "capitalExpenditures": -6710000000}, "2021-03-31": {"intangibleAssets": 172845000000, "capitalSurplus": 51853000000, "totalLiab": 577987000000, "totalStockholderEquity": 761812000000, "minorityInterest": 83334000000, "otherCurrentLiab": 162888000000, "totalAssets": 1423133000000, "otherCurrentAssets": 51675000000, "retainedEarnings": 590219000000, "otherLiab": 42440000000, "treasuryStock": 119740000000, "otherAssets": 51268000000, "cash": 148621000000, "totalCurrentLiabilities": 284983000000, "deferredLongTermAssetCharges": 24052000000, "shortLongTermDebt": 2767000000, "otherStockholderEquity": 119740000000, "propertyPlantEquipment": 79855000000, "totalCurrentAssets": 330456000000, "longTermInvestments": 788709000000, "netTangibleAssets": 588967000000, "shortTermInvestments": 68382000000, "netReceivables": 51676000000, "longTermDebt": 240419000000, "inventory": 816000000, "accountsPayable": 102625000000, "researchDevelopment": null, "effectOfAccountingCharges": null, "incomeBeforeTax": 56254000000, "netIncome": 47767000000, "sellingGeneralAdministrative": 27497000000, "grossProfit": 62635000000, "ebit": 36335000000, "operatingIncome": 36335000000, "otherOperatingExpenses": -1197000000, "interestExpense": -1726000000, "extraordinaryItems": null, "nonRecurring": null, "otherItems": null, "incomeTaxExpense": 7246000000, "totalRevenue": 135303000000, "totalOperatingExpenses": 98968000000, "costOfRevenue": 72668000000, "totalOtherIncomeExpenseNet": 19919000000, "discontinuedOperations": null, "netIncomeFromContinuingOps": 49008000000, "netIncomeApplicableToCommonShares": 47767000000, "investments": -66168000000, "changeToLiabilities": 0, "totalCashflowsFromInvestingActivities": -55036000000, "netBorrowings": 28635000000, "totalCashFromFinancingActivities": -487000000, "issuanceOfStock": 202000000, "changeInCash": -4177000000, "repurchaseOfStock": -738000000, "effectOfExchangeRate": 342000000, "totalCashFromOperatingActivities": 51004000000, "depreciation": 14217000000, "otherCashflowsFromInvestingActivities": -38336000000, "dividendsPaid": -12503000000, "otherCashflowsFromFinancingActivities": -487000000, "changeToNetincome": -10980000000, "capitalExpenditures": -9100000000}, "2020-12-31": {"intangibleAssets": 66905000000, "capitalSurplus": 48793000000, "totalLiab": 555382000000, "totalStockholderEquity": 703984000000, "minorityInterest": 74059000000, "otherCurrentLiab": 118411000000, "totalAssets": 1333425000000, "otherCurrentAssets": 20389000000, "retainedEarnings": 542724000000, "otherLiab": 39966000000, "goodWill": 108623000000, "treasuryStock": 112467000000, "otherAssets": 46561000000, "cash": 152798000000, "totalCurrentLiabilities": 269079000000, "deferredLongTermAssetCharges": 21348000000, "shortLongTermDebt": 784000000, "otherStockholderEquity": 112467000000, "propertyPlantEquipment": 77711000000, "totalCurrentAssets": 317647000000, "longTermInvestments": 715978000000, "netTangibleAssets": 528456000000, "shortTermInvestments": 69619000000, "netReceivables": 52934000000, "longTermDebt": 236139000000, "inventory": 814000000, "accountsPayable": 94030000000, "researchDevelopment": null, "effectOfAccountingCharges": null, "incomeBeforeTax": 63078000000, "netIncome": 59302000000, "sellingGeneralAdministrative": 29812000000, "grossProfit": 58973000000, "ebit": 30532000000, "operatingIncome": 30532000000, "otherOperatingExpenses": -1371000000, "interestExpense": -1766000000, "extraordinaryItems": null, "nonRecurring": null, "otherItems": null, "incomeTaxExpense": 3709000000, "totalRevenue": 133669000000, "totalOperatingExpenses": 103137000000, "costOfRevenue": 74696000000, "totalOtherIncomeExpenseNet": 32546000000, "discontinuedOperations": null, "netIncomeFromContinuingOps": 59369000000, "netIncomeApplicableToCommonShares": 59302000000, "investments": -105907000000, "changeToLiabilities": 31217000000, "totalCashflowsFromInvestingActivities": -41426000000, "netBorrowings": 40953000000, "totalCashFromFinancingActivities": -3949000000, "changeToOperatingActivities": 3831000000, "issuanceOfStock": 688000000, "changeInCash": 307000000, "repurchaseOfStock": -127000000, "effectOfExchangeRate": -3184000000, "totalCashFromOperatingActivities": 48866000000, "depreciation": 12950000000, "otherCashflowsFromInvestingActivities": 121861000000, "dividendsPaid": -12503000000, "changeToInventory": -95000000, "changeToAccountReceivables": -7530000000, "otherCashflowsFromFinancingActivities": -45463000000, "changeToNetincome": -51905000000, "capitalExpenditures": -9769000000}, "2020-09-30": {"intangibleAssets": 152936000000, "capitalSurplus": 44804000000, "totalLiab": 543532000000, "totalStockholderEquity": 577103000000, "minorityInterest": 69394000000, "otherCurrentLiab": 152800000000, "totalAssets": 1190029000000, "otherCurrentAssets": 42137000000, "retainedEarnings": 475887000000, "otherLiab": 30695000000, "treasuryStock": 56412000000, "otherAssets": 47032000000, "cash": 152491000000, "totalCurrentLiabilities": 259320000000, "deferredLongTermAssetCharges": 22981000000, "shortLongTermDebt": 821000000, "otherStockholderEquity": 56412000000, "propertyPlantEquipment": 71117000000, "totalCurrentAssets": 319315000000, "longTermInvestments": 599629000000, "netTangibleAssets": 424167000000, "shortTermInvestments": 75692000000, "netReceivables": 41696000000, "longTermDebt": 245412000000, "inventory": 1164000000, "accountsPayable": 87008000000, "researchDevelopment": null, "effectOfAccountingCharges": null, "incomeBeforeTax": 44638000000, "netIncome": 38542000000, "sellingGeneralAdministrative": 26109000000, "grossProfit": 56647000000, "ebit": 31338000000, "operatingIncome": 31338000000, "otherOperatingExpenses": -800000000, "interestExpense": -1855000000, "extraordinaryItems": null, "nonRecurring": null, "otherItems": null, "incomeTaxExpense": 5739000000, "totalRevenue": 125447000000, "totalOperatingExpenses": 94109000000, "costOfRevenue": 68800000000, "totalOtherIncomeExpenseNet": 13300000000, "discontinuedOperations": null, "netIncomeFromContinuingOps": 38899000000, "netIncomeApplicableToCommonShares": 38542000000, "investments": 62500000000, "changeToLiabilities": 0, "totalCashflowsFromInvestingActivities": -47602000000, "netBorrowings": -48841000000, "totalCashFromFinancingActivities": -16902000000, "changeToOperatingActivities": 3831000000, "issuanceOfStock": 486000000, "changeInCash": -21227000000, "repurchaseOfStock": -1327000000, "effectOfExchangeRate": -3251000000, "totalCashFromOperatingActivities": 46528000000, "depreciation": 14517000000, "otherCashflowsFromInvestingActivities": -118270000000, "dividendsPaid": -110000000, "changeToInventory": -95000000, "changeToAccountReceivables": -7530000000, "otherCashflowsFromFinancingActivities": 32890000000, "changeToNetincome": -6531000000, "capitalExpenditures": -6708000000}}, "TSLA": {"2021-06-30": {"intangibleAssets": 283000000, "capitalSurplus": 28205000000, "totalLiab": 28896000000, "totalStockholderEquity": 24804000000, "minorityInterest": 1446000000, "otherCurrentLiab": 4621000000, "totalAssets": 55146000000, "commonStock": 1000000, "otherCurrentAssets": 326000000, "retainedEarnings": -3608000000, "otherLiab": 3210000000, "goodWill": 203000000, "treasuryStock": 206000000, "otherAssets": 2937000000, "cash": 16229000000, "totalCurrentLiabilities": 16371000000, "shortLongTermDebt": 1082000000, "otherStockholderEquity": 206000000, "propertyPlantEquipment": 27030000000, "totalCurrentAssets": 24693000000, "netTangibleAssets": 24318000000, "netReceivables": 2159000000, "longTermDebt": 6915000000, "inventory": 4733000000, "accountsPayable": 7558000000, "researchDevelopment": 576000000, "effectOfAccountingCharges": null, "incomeBeforeTax": 1293000000, "netIncome": 1142000000, "sellingGeneralAdministrative": 973000000, "grossProfit": 2884000000, "ebit": 1312000000, "operatingIncome": 1312000000, "otherOperatingExpenses": 23000000, "interestExpense": -84000000, "extraordinaryItems": null, "nonRecurring": null, "otherItems": null, "incomeTaxExpense": 115000000, "totalRevenue": 11958000000, "totalOperatingExpenses": 10646000000, "costOfRevenue": 9074000000, "totalOtherIncomeExpenseNet": -19000000, "discontinuedOperations": null, "netIncomeFromContinuingOps": 1178000000, "netIncomeApplicableToCommonShares": 1142000000, "changeToLiabilities": 1037000000, "totalCashflowsFromInvestingActivities": -1515000000, "netBorrowings": -1588000000, "totalCashFromFinancingActivities": -1549000000, "changeToOperatingActivities": -521000000, "issuanceOfStock": 70000000, "changeInCash": -898000000, "effectOfExchangeRate": 42000000, "totalCashFromOperatingActivities": 2124000000, "depreciation": 681000000, "changeToInventory": -581000000, "changeToAccountReceivables": -259000000, "otherCashflowsFromFinancingActivities": -31000000, "changeToNetincome": 625000000, "capitalExpenditures": -1515000000}, "2021-03-31": {"intangibleAssets": 299000000, "capitalSurplus": 27623000000, "totalLiab": 28507000000, "totalStockholderEquity": 23017000000, "minorityInterest": 1448000000, "otherCurrentLiab": 4412000000, "totalAssets": 52972000000, "commonStock": 1000000, "otherCurrentAssets": 305000000, "retainedEarnings": -4750000000, "otherLiab": 3247000000, "goodWill": 206000000, "treasuryStock": 143000000, "otherAssets": 2918000000, "cash": 17141000000, "totalCurrentLiabilities": 14877000000, "shortLongTermDebt": 1415000000, "otherStockholderEquity": 143000000, "propertyPlantEquipment": 24844000000, "totalCurrentAssets": 24705000000, "netTangibleAssets": 22512000000, "netReceivables": 1913000000, "longTermDebt": 8019000000, "inventory": 4132000000, "accountsPayable": 6648000000, "researchDevelopment": 666000000, "effectOfAccountingCharges": null, "incomeBeforeTax": 533000000, "netIncome": 438000000, "sellingGeneralAdministrative": 1056000000, "grossProfit": 2215000000, "ebit": 594000000, "operatingIncome": 594000000, "otherOperatingExpenses": -101000000, "interestExpense": -79000000, "extraordinaryItems": null, "nonRecurring": null, "otherItems": null, "incomeTaxExpense": 69000000, "totalRevenue": 10389000000, "totalOperatingExpenses": 9795000000, "costOfRevenue": 8174000000, "totalOtherIncomeExpenseNet": -61000000, "discontinuedOperations": null, "netIncomeFromContinuingOps": 464000000, "netIncomeApplicableToCommonShares": 438000000, "changeToLiabilities": 834000000, "totalCashflowsFromInvestingActivities": -2582000000, "netBorrowings": -1162000000, "totalCashFromFinancingActivities": -1016000000, "changeToOperatingActivities": -716000000, "issuanceOfStock": 183000000, "changeInCash": -2178000000, "effectOfExchangeRate": -221000000, "totalCashFromOperatingActivities": 1641000000, "depreciation": 621000000, "otherCashflowsFromInvestingActivities": 6000000, "changeToInventory": -106000000, "changeToAccountReceivables": -24000000, "otherCashflowsFromFinancingActivities": -37000000, "changeToNetincome": 594000000, "capitalExpenditures": -2860000000}, "2020-12-31": {"intangibleAssets": 313000000, "capitalSurplus": 27260000000, "totalLiab": 28469000000, "totalStockholderEquity": 22225000000, "minorityInterest": 1454000000, "otherCurrentLiab": 4147000000, "totalAssets": 52148000000, "commonStock": 1000000, "otherCurrentAssets": 238000000, "retainedEarnings": -5399000000, "otherLiab": 3302000000, "goodWill": 207000000, "treasuryStock": 363000000, "otherAssets": 1536000000, "cash": 19384000000, "totalCurrentLiabilities": 14248000000, "shortLongTermDebt": 1758000000, "otherStockholderEquity": 363000000, "propertyPlantEquipment": 23375000000, "totalCurrentAssets": 26717000000, "netTangibleAssets": 21705000000, "netReceivables": 1903000000, "longTermDebt": 8571000000, "inventory": 4101000000, "accountsPayable": 6051000000, "researchDevelopment": 522000000, "effectOfAccountingCharges": null, "incomeBeforeTax": 379000000, "netIncome": 270000000, "sellingGeneralAdministrative": 969000000, "grossProfit": 2066000000, "ebit": 575000000, "operatingIncome": 575000000, "otherOperatingExpenses": -101000000, "interestExpense": -241000000, "extraordinaryItems": null, "nonRecurring": null, "otherItems": null, "incomeTaxExpense": 83000000, "totalRevenue": 10744000000, "totalOperatingExpenses": 10169000000, "costOfRevenue": 8678000000, "totalOtherIncomeExpenseNet": -196000000, "discontinuedOperations": null, "netIncomeFromContinuingOps": 296000000, "netIncomeApplicableToCommonShares": 270000000, "changeToLiabilities": 1540000000, "totalCashflowsFromInvestingActivities": -1047000000, "netBorrowings": -2305000000, "totalCashFromFinancingActivities": 2692000000, "changeToOperatingActivities": -376000000, "issuanceOfStock": 5043000000, "changeInCash": 4898000000, "effectOfExchangeRate": 234000000, "totalCashFromOperatingActivities": 3019000000, "depreciation": 618000000, "otherCashflowsFromInvestingActivities": 122000000, "changeToInventory": 180000000, "changeToAccountReceivables": -102000000, "otherCashflowsFromFinancingActivities": -46000000, "changeToNetincome": 853000000, "capitalExpenditures": -1164000000}, "2020-09-30": {"intangibleAssets": 318000000, "capitalSurplus": 21574000000, "totalLiab": 28191000000, "totalStockholderEquity": 16031000000, "minorityInterest": 1469000000, "otherCurrentLiab": 3655000000, "totalAssets": 45691000000, "commonStock": 1000000, "otherCurrentAssets": 174000000, "retainedEarnings": -5669000000, "otherLiab": 3151000000, "goodWill": 203000000, "treasuryStock": 125000000, "otherAssets": 1436000000, "cash": 14531000000, "totalCurrentLiabilities": 13302000000, "shortLongTermDebt": 2814000000, "otherStockholderEquity": 125000000, "propertyPlantEquipment": 21990000000, "totalCurrentAssets": 21744000000, "netTangibleAssets": 15510000000, "netReceivables": 1766000000, "longTermDebt": 9506000000, "inventory": 4218000000, "accountsPayable": 4958000000, "researchDevelopment": 366000000, "effectOfAccountingCharges": null, "incomeBeforeTax": 555000000, "netIncome": 331000000, "sellingGeneralAdministrative": 931000000, "grossProfit": 2063000000, "ebit": 766000000, "operatingIncome": 766000000, "otherOperatingExpenses": -101000000, "interestExpense": -162000000, "extraordinaryItems": null, "nonRecurring": null, "otherItems": null, "incomeTaxExpense": 186000000, "totalRevenue": 8771000000, "totalOperatingExpenses": 8005000000, "costOfRevenue": 6708000000, "totalOtherIncomeExpenseNet": -211000000, "discontinuedOperations": null, "netIncomeFromContinuingOps": 369000000, "netIncomeApplicableToCommonShares": 300000000, "changeToLiabilities": 1275000000, "totalCashflowsFromInvestingActivities": -1039000000, "netBorrowings": -581000000, "totalCashFromFinancingActivities": 4450000000, "changeToOperatingActivities": -259000000, "issuanceOfStock": 5117000000, "changeInCash": 5897000000, "effectOfExchangeRate": 86000000, "totalCashFromOperatingActivities": 2400000000, "depreciation": 584000000, "otherCashflowsFromInvestingActivities": 122000000, "changeToInventory": -67000000, "changeToAccountReceivables": -314000000, "otherCashflowsFromFinancingActivities": -86000000, "changeToNetincome": 800000000, "capitalExpenditures": -1021000000}}, "TSM": {"2021-06-30": {"intangibleAssets": 21126685000, "capitalSurplus": 64753836000, "totalLiab": 1098844616000, "totalStockholderEquity": 1991785801000, "minorityInterest": 2184772000, "otherCurrentLiab": 314172401000, "totalAssets": 3092815189000, "commonStock": 259303805000, "otherCurrentAssets": 7731304000, "retainedEarnings": 1726322203000, "otherLiab": 16429040000, "goodWill": 5408358000, "treasuryStock": -58594043000, "otherAssets": 40814246000, "cash": 747982082000, "totalCurrentLiabilities": 647748947000, "deferredLongTermAssetCharges": 36180371000, "shortLongTermDebt": 10216000, "otherStockholderEquity": -58594043000, "propertyPlantEquipment": 1755298405000, "totalCurrentAssets": 1241104023000, "longTermInvestments": 29063472000, "netTangibleAssets": 1965250758000, "shortTermInvestments": 134980099000, "netReceivables": 179971542000, "longTermDebt": 413636188000, "inventory": 170438686000, "accountsPayable": 41229913000, "researchDevelopment": 30873376000, "effectOfAccountingCharges": null, "incomeBeforeTax": 149391075000, "netIncome": 134358942000, "sellingGeneralAdministrative": 9710047000, "grossProfit": 186234135000, "ebit": 145667205000, "operatingIncome": 145667205000, "otherOperatingExpenses": -16493000, "interestExpense": -1134399000, "extraordinaryItems": null, "nonRecurring": null, "otherItems": null, "incomeTaxExpense": 14909359000, "totalRevenue": 372145122000, "totalOperatingExpenses": 226477917000, "costOfRevenue": 185910987000, "totalOtherIncomeExpenseNet": 3723870000, "discontinuedOperations": null, "netIncomeFromContinuingOps": 134481716000, "netIncomeApplicableToCommonShares": 134358942000, "investments": 83838000, "changeToLiabilities": 3072642000, "totalCashflowsFromInvestingActivities": -169750998000, "netBorrowings": 140358804000, "totalCashFromFinancingActivities": 75030682000, "changeToOperatingActivities": 16249875000, "changeInCash": 83254225000, "effectOfExchangeRate": -9464951000, "totalCashFromOperatingActivities": 187439492000, "depreciation": 102700251000, "otherCashflowsFromInvestingActivities": 620184000, "dividendsPaid": -64825951000, "changeToInventory": -15871118000, "changeToAccountReceivables": -10780965000, "otherCashflowsFromFinancingActivities": -502171000, "changeToNetincome": -43360879000, "capitalExpenditures": -166971104000}, "2021-03-31": {"intangibleAssets": 19520413000, "capitalSurplus": 64753607000, "totalLiab": 978134499000, "totalStockholderEquity": 1938936396000, "minorityInterest": 2060566000, "otherCurrentLiab": 340049568000, "totalAssets": 2919131461000, "commonStock": 259303805000, "otherCurrentAssets": 6048810000, "retainedEarnings": 1663271807000, "otherLiab": 15948996000, "goodWill": 5492275000, "treasuryStock": -48392823000, "otherAssets": 34367898000, "cash": 664727857000, "totalCurrentLiabilities": 661648612000, "deferredLongTermAssetCharges": 31254225000, "otherStockholderEquity": -48392823000, "propertyPlantEquipment": 1690833602000, "totalCurrentAssets": 1139786823000, "longTermInvestments": 29130450000, "netTangibleAssets": 1913923708000, "shortTermInvestments": 146846740000, "netReceivables": 167531499000, "longTermDebt": 279462127000, "inventory": 154567568000, "accountsPayable": 38580760000, "researchDevelopment": 30756358000, "effectOfAccountingCharges": null, "incomeBeforeTax": 155064389000, "netIncome": 139690493000, "sellingGeneralAdministrative": 8355475000, "grossProfit": 189775219000, "ebit": 150812578000, "operatingIncome": 150812578000, "otherOperatingExpenses": -149192000, "interestExpense": -772095000, "extraordinaryItems": null, "nonRecurring": null, "otherItems": null, "incomeTaxExpense": 15325640000, "totalRevenue": 362410230000, "totalOperatingExpenses": 211597652000, "costOfRevenue": 172635011000, "totalOtherIncomeExpenseNet": 4251811000, "discontinuedOperations": null, "netIncomeFromContinuingOps": 139738749000, "netIncomeApplicableToCommonShares": 139690493000, "investments": 3568226000, "changeToLiabilities": -2334169000, "totalCashflowsFromInvestingActivities": -244251414000, "netBorrowings": 70699516000, "totalCashFromFinancingActivities": 14618457000, "changeToOperatingActivities": 16140368000, "changeInCash": 4557210000, "effectOfExchangeRate": 6374461000, "totalCashFromOperatingActivities": 227815706000, "depreciation": 99936702000, "otherCashflowsFromInvestingActivities": 731878000, "dividendsPaid": -64825951000, "changeToInventory": -17214161000, "changeToAccountReceivables": -21440514000, "otherCashflowsFromFinancingActivities": 8744892000, "changeToNetincome": 8143590000, "capitalExpenditures": -248028725000}, "2020-12-31": {"intangibleAssets": 20331577000, "capitalSurplus": 56347243000, "totalLiab": 910089406000, "totalStockholderEquity": 1849657256000, "minorityInterest": 964743000, "otherCurrentLiab": 388514557000, "totalAssets": 2760711405000, "commonStock": 259303805000, "otherCurrentAssets": 8984978000, "retainedEarnings": 1588686081000, "otherLiab": 16305014000, "goodWill": 5436602000, "treasuryStock": -54679873000, "otherAssets": 31712208000, "cash": 660170647000, "totalCurrentLiabilities": 617151048000, "deferredLongTermAssetCharges": 25958184000, "shortLongTermDebt": 2601169000, "otherStockholderEquity": -54679873000, "propertyPlantEquipment": 1583317502000, "totalCurrentAssets": 1092185308000, "longTermInvestments": 27728208000, "netTangibleAssets": 1823889077000, "shortTermInvestments": 139587181000, "netReceivables": 146089048000, "longTermDebt": 256072695000, "inventory": 137353407000, "accountsPayable": 41095002000, "researchDevelopment": 29940412000, "effectOfAccountingCharges": null, "incomeBeforeTax": 161107361000, "netIncome": 142766434000, "sellingGeneralAdministrative": 8381027000, "grossProfit": 195188826000, "ebit": 157120174000, "operatingIncome": 157120174000, "otherOperatingExpenses": -252787000, "interestExpense": -768582000, "extraordinaryItems": null, "nonRecurring": null, "otherItems": null, "incomeTaxExpense": 18282837000, "totalRevenue": 361533057000, "totalOperatingExpenses": 204412883000, "costOfRevenue": 166344231000, "totalOtherIncomeExpenseNet": 3987187000, "discontinuedOperations": null, "netIncomeFromContinuingOps": 142824524000, "netIncomeApplicableToCommonShares": 142766434000, "investments": -1523720000, "changeToLiabilities": 75073000, "totalCashflowsFromInvestingActivities": -90958613000, "netBorrowings": -36306688000, "totalCashFromFinancingActivities": -101203795000, "changeToOperatingActivities": 16521734000, "changeInCash": 55975534000, "effectOfExchangeRate": -10992642000, "totalCashFromOperatingActivities": 259130584000, "depreciation": 96652825000, "otherCashflowsFromInvestingActivities": -122750000, "dividendsPaid": -64825952000, "changeToInventory": -27843921000, "changeToAccountReceivables": 16539740000, "otherCashflowsFromFinancingActivities": -71155000, "changeToNetincome": 14622690000, "capitalExpenditures": -88675011000}, "2020-09-30": {"intangibleAssets": 20785726000, "capitalSurplus": 56339982000, "totalLiab": 847305839000, "totalStockholderEquity": 1787361029000, "minorityInterest": 905346000, "otherCurrentLiab": 276324406000, "totalAssets": 2635572214000, "commonStock": 259303805000, "otherCurrentAssets": 8090994000, "retainedEarnings": 1513976388000, "otherLiab": 11855424000, "goodWill": 5553787000, "treasuryStock": -42259146000, "otherAssets": 27781944000, "cash": 604195113000, "totalCurrentLiabilities": 588241723000, "deferredLongTermAssetCharges": 22505789000, "shortLongTermDebt": 2611839000, "otherStockholderEquity": -42259146000, "propertyPlantEquipment": 1525262200000, "totalCurrentAssets": 1029673918000, "longTermInvestments": 26514639000, "netTangibleAssets": 1761021516000, "shortTermInvestments": 145229077000, "netReceivables": 162618870000, "longTermDebt": 228027883000, "inventory": 109509486000, "accountsPayable": 40892346000, "researchDevelopment": 29683751000, "effectOfAccountingCharges": null, "incomeBeforeTax": 155124003000, "netIncome": 137310040000, "sellingGeneralAdministrative": 11207604000, "grossProfit": 190480670000, "ebit": 150047349000, "operatingIncome": 150047349000, "otherOperatingExpenses": -458034000, "interestExpense": -373164000, "extraordinaryItems": null, "nonRecurring": null, "otherItems": null, "incomeTaxExpense": 17745852000, "totalRevenue": 356426204000, "totalOperatingExpenses": 206378855000, "costOfRevenue": 165945534000, "totalOtherIncomeExpenseNet": 5076654000, "discontinuedOperations": null, "netIncomeFromContinuingOps": 137378151000, "netIncomeApplicableToCommonShares": 137310040000, "investments": 382691000, "changeToLiabilities": 808432000, "totalCashflowsFromInvestingActivities": -96079669000, "netBorrowings": 112979258000, "totalCashFromFinancingActivities": 47434066000, "changeToOperatingActivities": -2799225000, "changeInCash": 136581670000, "effectOfExchangeRate": -4943954000, "totalCashFromOperatingActivities": 190171227000, "depreciation": 93829123000, "otherCashflowsFromInvestingActivities": 2836211000, "dividendsPaid": -64825951000, "changeToInventory": -23721392000, "changeToAccountReceivables": -12978475000, "otherCashflowsFromFinancingActivities": -719241000, "changeToNetincome": -1382710000, "capitalExpenditures": -99305608000}}, "UNH": {"2021-06-30": {"intangibleAssets": 10806000000, "totalLiab": 136971000000, "totalStockholderEquity": 69014000000, "minorityInterest": 4307000000, "otherCurrentLiab": 24545000000, "totalAssets": 210292000000, "commonStock": 10000000, "retainedEarnings": 73090000000, "otherLiab": 16066000000, "goodWill": 75827000000, "treasuryStock": -4086000000, "otherAssets": 16145000000, "cash": 19832000000, "totalCurrentLiabilities": 76557000000, "otherStockholderEquity": -4086000000, "propertyPlantEquipment": 8735000000, "totalCurrentAssets": 54718000000, "longTermInvestments": 44061000000, "netTangibleAssets": -17619000000, "shortTermInvestments": 2729000000, "netReceivables": 27217000000, "longTermDebt": 44348000000, "accountsPayable": 48144000000, "researchDevelopment": null, "effectOfAccountingCharges": null, "incomeBeforeTax": 5568000000, "netIncome": 4266000000, "sellingGeneralAdministrative": 10359000000, "grossProfit": 17115000000, "ebit": 5978000000, "operatingIncome": 5978000000, "otherOperatingExpenses": null, "interestExpense": -410000000, "extraordinaryItems": null, "nonRecurring": null, "otherItems": null, "incomeTaxExpense": 1196000000, "totalRevenue": 71321000000, "totalOperatingExpenses": 65343000000, "costOfRevenue": 54206000000, "totalOtherIncomeExpenseNet": -410000000, "discontinuedOperations": null, "netIncomeFromContinuingOps": 4372000000, "netIncomeApplicableToCommonShares": 4266000000, "investments": -1075000000, "changeToLiabilities": -834000000, "totalCashflowsFromInvestingActivities": -5502000000, "netBorrowings": 1951000000, "totalCashFromFinancingActivities": -218000000, "changeToOperatingActivities": -450000000, "issuanceOfStock": 328000000, "changeInCash": -123000000, "repurchaseOfStock": -1250000000, "effectOfExchangeRate": 57000000, "totalCashFromOperatingActivities": 5540000000, "depreciation": 778000000, "otherCashflowsFromInvestingActivities": -416000000, "dividendsPaid": -1367000000, "changeToAccountReceivables": 1677000000, "otherCashflowsFromFinancingActivities": 120000000, "changeToNetincome": 103000000, "capitalExpenditures": -562000000}, "2021-03-31": {"intangibleAssets": 10842000000, "totalLiab": 134589000000, "totalStockholderEquity": 66404000000, "minorityInterest": 4178000000, "otherCurrentLiab": 23973000000, "totalAssets": 205171000000, "commonStock": 10000000, "otherCurrentAssets": 20611000000, "retainedEarnings": 71220000000, "otherLiab": 16528000000, "goodWill": 72162000000, "treasuryStock": -4826000000, "otherAssets": 15851000000, "cash": 19955000000, "totalCurrentLiabilities": 80641000000, "shortLongTermDebt": 3483000000, "otherStockholderEquity": -4826000000, "propertyPlantEquipment": 8496000000, "totalCurrentAssets": 55414000000, "longTermInvestments": 42406000000, "netTangibleAssets": -16600000000, "shortTermInvestments": 2962000000, "netReceivables": 27526000000, "longTermDebt": 37420000000, "accountsPayable": 47830000000, "researchDevelopment": null, "effectOfAccountingCharges": null, "incomeBeforeTax": 6342000000, "netIncome": 4862000000, "sellingGeneralAdministrative": 10223000000, "grossProfit": 17720000000, "ebit": 6739000000, "operatingIncome": 6739000000, "otherOperatingExpenses": null, "interestExpense": -397000000, "extraordinaryItems": null, "nonRecurring": null, "otherItems": null, "incomeTaxExpense": 1364000000, "totalRevenue": 70196000000, "totalOperatingExpenses": 63457000000, "costOfRevenue": 52476000000, "totalOtherIncomeExpenseNet": -397000000, "discontinuedOperations": null, "netIncomeFromContinuingOps": 4978000000, "netIncomeApplicableToCommonShares": 4862000000, "investments": -1714000000, "changeToLiabilities": 609000000, "totalCashflowsFromInvestingActivities": -3707000000, "netBorrowings": 2907000000, "totalCashFromFinancingActivities": 787000000, "changeToOperatingActivities": 2013000000, "issuanceOfStock": 436000000, "changeInCash": 3034000000, "repurchaseOfStock": -1650000000, "effectOfExchangeRate": -51000000, "totalCashFromOperatingActivities": 6005000000, "depreciation": 758000000, "otherCashflowsFromInvestingActivities": -232000000, "dividendsPaid": -1181000000, "changeToAccountReceivables": -2895000000, "otherCashflowsFromFinancingActivities": 275000000, "changeToNetincome": 658000000, "capitalExpenditures": -568000000}, "2020-12-31": {"intangibleAssets": 14000000000, "totalLiab": 126750000000, "totalStockholderEquity": 65491000000, "minorityInterest": 5048000000, "otherCurrentLiab": 22369000000, "totalAssets": 197289000000, "commonStock": 10000000, "retainedEarnings": 69295000000, "otherLiab": 12100000000, "goodWill": 71337000000, "treasuryStock": -3814000000, "otherAssets": 17186000000, "cash": 16921000000, "totalCurrentLiabilities": 72420000000, "shortLongTermDebt": 3523000000, "otherStockholderEquity": -3814000000, "propertyPlantEquipment": 5482000000, "totalCurrentAssets": 49642000000, "longTermInvestments": 39642000000, "netTangibleAssets": -19846000000, "shortTermInvestments": 2860000000, "netReceivables": 25404000000, "longTermDebt": 38648000000, "accountsPayable": 44367000000, "researchDevelopment": null, "effectOfAccountingCharges": null, "incomeBeforeTax": 3116000000, "netIncome": 2212000000, "sellingGeneralAdministrative": 11514000000, "grossProfit": 15763000000, "ebit": 3517000000, "operatingIncome": 3517000000, "otherOperatingExpenses": null, "interestExpense": -401000000, "extraordinaryItems": null, "nonRecurring": null, "otherItems": null, "incomeTaxExpense": 764000000, "totalRevenue": 65467000000, "totalOperatingExpenses": 61950000000, "costOfRevenue": 49704000000, "totalOtherIncomeExpenseNet": -401000000, "discontinuedOperations": null, "netIncomeFromContinuingOps": 2352000000, "netIncomeApplicableToCommonShares": 2212000000, "investments": -1450000000, "changeToLiabilities": 2317000000, "totalCashflowsFromInvestingActivities": -5178000000, "netBorrowings": -355000000, "totalCashFromFinancingActivities": -1596000000, "changeToOperatingActivities": 1269000000, "issuanceOfStock": 234000000, "changeInCash": -629000000, "repurchaseOfStock": -1709000000, "effectOfExchangeRate": 44000000, "totalCashFromOperatingActivities": 6101000000, "depreciation": -82000000, "otherCashflowsFromInvestingActivities": -341000000, "dividendsPaid": -1184000000, "changeToAccountReceivables": -494000000, "otherCashflowsFromFinancingActivities": 1418000000, "changeToNetincome": 65000000, "capitalExpenditures": -574000000}, "2020-09-30": {"intangibleAssets": 10373000000, "totalLiab": 121018000000, "totalStockholderEquity": 65231000000, "minorityInterest": 4720000000, "otherCurrentLiab": 20358000000, "totalAssets": 190969000000, "commonStock": 10000000, "retainedEarnings": 69715000000, "otherLiab": 14526000000, "goodWill": 68088000000, "treasuryStock": -4494000000, "otherAssets": 14140000000, "cash": 17550000000, "totalCurrentLiabilities": 66597000000, "shortLongTermDebt": 3899000000, "otherStockholderEquity": -4494000000, "propertyPlantEquipment": 8151000000, "totalCurrentAssets": 51033000000, "longTermInvestments": 39184000000, "netTangibleAssets": -13230000000, "shortTermInvestments": 3259000000, "netReceivables": 25402000000, "longTermDebt": 39895000000, "accountsPayable": 42340000000, "researchDevelopment": null, "effectOfAccountingCharges": null, "incomeBeforeTax": 4256000000, "netIncome": 3172000000, "sellingGeneralAdministrative": 10174000000, "grossProfit": 15544000000, "ebit": 4651000000, "operatingIncome": 4651000000, "otherOperatingExpenses": null, "interestExpense": -395000000, "extraordinaryItems": null, "nonRecurring": null, "otherItems": null, "incomeTaxExpense": 1000000000, "totalRevenue": 65115000000, "totalOperatingExpenses": 60464000000, "costOfRevenue": 49571000000, "totalOtherIncomeExpenseNet": -395000000, "discontinuedOperations": null, "netIncomeFromContinuingOps": 3256000000, "netIncomeApplicableToCommonShares": 3172000000, "investments": -1959000000, "changeToLiabilities": -3986000000, "totalCashflowsFromInvestingActivities": -2869000000, "netBorrowings": -2274000000, "totalCashFromFinancingActivities": -5018000000, "changeToOperatingActivities": 2825000000, "issuanceOfStock": 336000000, "changeInCash": -4777000000, "repurchaseOfStock": -850000000, "effectOfExchangeRate": -17000000, "totalCashFromOperatingActivities": 3127000000, "depreciation": 719000000, "otherCashflowsFromInvestingActivities": 21000000, "dividendsPaid": -1188000000, "changeToAccountReceivables": 245000000, "otherCashflowsFromFinancingActivities": -1042000000, "changeToNetincome": 152000000, "capitalExpenditures": -557000000}}, "UNP": {"2021-06-30": {"intangibleAssets": 679000000, "capitalSurplus": 4499000000, "totalLiab": 47770000000, "totalStockholderEquity": 14303000000, "otherCurrentLiab": 1383000000, "totalAssets": 62073000000, "commonStock": 2781000000, "otherCurrentAssets": 249000000, "retainedEarnings": 53116000000, "otherLiab": 14455000000, "treasuryStock": -46093000000, "otherAssets": 249000000, "cash": 1115000000, "totalCurrentLiabilities": 4357000000, "shortLongTermDebt": 1038000000, "otherStockholderEquity": -1551000000, "propertyPlantEquipment": 55104000000, "totalCurrentAssets": 3764000000, "longTermInvestments": 2277000000, "netTangibleAssets": 13624000000, "shortTermInvestments": 46000000, "netReceivables": 1666000000, "longTermDebt": 27320000000, "inventory": 688000000, "accountsPayable": 612000000, "researchDevelopment": null, "effectOfAccountingCharges": null, "incomeBeforeTax": 2316000000, "minorityInterest": null, "netIncome": 1798000000, "sellingGeneralAdministrative": null, "grossProfit": 3314000000, "ebit": 2480000000, "operatingIncome": 2480000000, "otherOperatingExpenses": 284000000, "interestExpense": -282000000, "extraordinaryItems": null, "nonRecurring": null, "otherItems": null, "incomeTaxExpense": 518000000, "totalRevenue": 5504000000, "totalOperatingExpenses": 3024000000, "costOfRevenue": 2190000000, "totalOtherIncomeExpenseNet": -164000000, "discontinuedOperations": null, "netIncomeFromContinuingOps": 1798000000, "netIncomeApplicableToCommonShares": 1798000000, "investments": 24000000, "changeToLiabilities": 140000000, "totalCashflowsFromInvestingActivities": -566000000, "netBorrowings": 2124000000, "totalCashFromFinancingActivities": -1734000000, "changeToOperatingActivities": -2000000, "changeInCash": -39000000, "repurchaseOfStock": -3138000000, "totalCashFromOperatingActivities": 2261000000, "depreciation": 550000000, "otherCashflowsFromInvestingActivities": -20000000, "dividendsPaid": -700000000, "changeToInventory": -29000000, "changeToAccountReceivables": -56000000, "otherCashflowsFromFinancingActivities": -20000000, "changeToNetincome": 77000000, "capitalExpenditures": -654000000}, "2021-03-31": {"intangibleAssets": 676000000, "capitalSurplus": 4874000000, "totalLiab": 45539000000, "totalStockholderEquity": 16254000000, "otherCurrentLiab": 1550000000, "totalAssets": 61793000000, "commonStock": 2781000000, "otherCurrentAssets": 207000000, "retainedEarnings": 52019000000, "otherLiab": 14380000000, "treasuryStock": -43420000000, "otherAssets": 264000000, "cash": 1183000000, "totalCurrentLiabilities": 4871000000, "shortLongTermDebt": 1485000000, "otherStockholderEquity": -1594000000, "propertyPlantEquipment": 54967000000, "totalCurrentAssets": 3719000000, "longTermInvestments": 2167000000, "netTangibleAssets": 15578000000, "shortTermInvestments": 60000000, "netReceivables": 1610000000, "longTermDebt": 24735000000, "inventory": 659000000, "accountsPayable": 634000000, "researchDevelopment": null, "effectOfAccountingCharges": null, "incomeBeforeTax": 1754000000, "minorityInterest": null, "netIncome": 1341000000, "sellingGeneralAdministrative": null, "grossProfit": 2868000000, "ebit": 1999000000, "operatingIncome": 1999000000, "otherOperatingExpenses": 320000000, "interestExpense": -290000000, "extraordinaryItems": null, "nonRecurring": null, "otherItems": null, "incomeTaxExpense": 413000000, "totalRevenue": 5001000000, "totalOperatingExpenses": 3002000000, "costOfRevenue": 2133000000, "totalOtherIncomeExpenseNet": -245000000, "discontinuedOperations": null, "netIncomeFromContinuingOps": 1341000000, "netIncomeApplicableToCommonShares": 1341000000, "investments": 24000000, "changeToLiabilities": -67000000, "totalCashflowsFromInvestingActivities": -505000000, "netBorrowings": -62000000, "totalCashFromFinancingActivities": -2073000000, "changeToOperatingActivities": -1000000, "changeInCash": -620000000, "repurchaseOfStock": -1347000000, "totalCashFromOperatingActivities": 1958000000, "depreciation": 549000000, "otherCashflowsFromInvestingActivities": 14000000, "dividendsPaid": -650000000, "changeToInventory": -21000000, "changeToAccountReceivables": -105000000, "otherCashflowsFromFinancingActivities": -14000000, "changeToNetincome": -77000000, "capitalExpenditures": -536000000}, "2020-12-31": {"intangibleAssets": 679000000, "capitalSurplus": 4864000000, "totalLiab": 45440000000, "totalStockholderEquity": 16958000000, "otherCurrentLiab": 1227000000, "totalAssets": 62398000000, "commonStock": 2781000000, "otherCurrentAssets": 212000000, "retainedEarnings": 51326000000, "otherLiab": 14324000000, "treasuryStock": -42013000000, "otherAssets": 249000000, "cash": 1799000000, "totalCurrentLiabilities": 4173000000, "shortLongTermDebt": 960000000, "otherStockholderEquity": -1593000000, "propertyPlantEquipment": 55092000000, "totalCurrentAssets": 4214000000, "longTermInvestments": 2164000000, "netTangibleAssets": 16279000000, "shortTermInvestments": 60000000, "netReceivables": 1505000000, "longTermDebt": 25320000000, "inventory": 638000000, "accountsPayable": 612000000, "researchDevelopment": null, "effectOfAccountingCharges": null, "incomeBeforeTax": 1793000000, "minorityInterest": null, "netIncome": 1380000000, "sellingGeneralAdministrative": null, "grossProfit": 3089000000, "ebit": 2019000000, "operatingIncome": 2019000000, "otherOperatingExpenses": 513000000, "interestExpense": -279000000, "extraordinaryItems": null, "nonRecurring": null, "otherItems": null, "incomeTaxExpense": 413000000, "totalRevenue": 5141000000, "totalOperatingExpenses": 3122000000, "costOfRevenue": 2052000000, "totalOtherIncomeExpenseNet": -226000000, "discontinuedOperations": null, "netIncomeFromContinuingOps": 1380000000, "netIncomeApplicableToCommonShares": 1380000000, "investments": 5000000, "changeToLiabilities": 142000000, "totalCashflowsFromInvestingActivities": -595000000, "netBorrowings": -1347000000, "totalCashFromFinancingActivities": -2752000000, "changeToOperatingActivities": -27000000, "changeInCash": -800000000, "repurchaseOfStock": -749000000, "totalCashFromOperatingActivities": 2547000000, "depreciation": 557000000, "otherCashflowsFromInvestingActivities": 3000000, "dividendsPaid": -652000000, "changeToInventory": 11000000, "changeToAccountReceivables": 60000000, "otherCashflowsFromFinancingActivities": -4000000, "changeToNetincome": 269000000, "capitalExpenditures": -633000000}, "2020-09-30": {"intangibleAssets": 668000000, "capitalSurplus": 4849000000, "totalLiab": 46515000000, "totalStockholderEquity": 17199000000, "otherCurrentLiab": 1074000000, "totalAssets": 63714000000, "commonStock": 2781000000, "otherCurrentAssets": 255000000, "retainedEarnings": 50600000000, "otherLiab": 14301000000, "treasuryStock": -41031000000, "otherAssets": 496000000, "cash": 2601000000, "totalCurrentLiabilities": 4841000000, "shortLongTermDebt": 1885000000, "otherStockholderEquity": -1351000000, "propertyPlantEquipment": 55349000000, "totalCurrentAssets": 5130000000, "longTermInvestments": 2071000000, "netTangibleAssets": 16531000000, "shortTermInvestments": 60000000, "netReceivables": 1565000000, "longTermDebt": 25706000000, "inventory": 649000000, "accountsPayable": 649000000, "researchDevelopment": null, "effectOfAccountingCharges": null, "incomeBeforeTax": 1773000000, "minorityInterest": null, "netIncome": 1363000000, "sellingGeneralAdministrative": null, "grossProfit": 2897000000, "ebit": 2043000000, "operatingIncome": 2043000000, "otherOperatingExpenses": 299000000, "interestExpense": -295000000, "extraordinaryItems": null, "nonRecurring": null, "otherItems": null, "incomeTaxExpense": 410000000, "totalRevenue": 4919000000, "totalOperatingExpenses": 2876000000, "costOfRevenue": 2022000000, "totalOtherIncomeExpenseNet": -270000000, "discontinuedOperations": null, "netIncomeFromContinuingOps": 1363000000, "netIncomeApplicableToCommonShares": 1363000000, "investments": 5000000, "changeToLiabilities": -18000000, "totalCashflowsFromInvestingActivities": -664000000, "netBorrowings": -390000000, "totalCashFromFinancingActivities": -1043000000, "changeToOperatingActivities": 29000000, "changeInCash": -106000000, "repurchaseOfStock": -749000000, "totalCashFromOperatingActivities": 1601000000, "depreciation": 555000000, "otherCashflowsFromInvestingActivities": 19000000, "dividendsPaid": -655000000, "changeToInventory": 19000000, "changeToAccountReceivables": -177000000, "otherCashflowsFromFinancingActivities": 2000000, "changeToNetincome": 284000000, "capitalExpenditures": -695000000}}, "V": {"2021-06-30": {"intangibleAssets": 28023000000, "capitalSurplus": 18787000000, "totalLiab": 44881000000, "totalStockholderEquity": 34658000000, "otherCurrentLiab": 11307000000, "totalAssets": 82671000000, "otherCurrentAssets": 4561000000, "retainedEarnings": 15294000000, "otherLiab": 9862000000, "goodWill": 16021000000, "treasuryStock": 577000000, "otherAssets": 6767000000, "cash": 18034000000, "totalCurrentLiabilities": 14023000000, "otherStockholderEquity": 577000000, "propertyPlantEquipment": 2707000000, "totalCurrentAssets": 28042000000, "longTermInvestments": 1111000000, "netTangibleAssets": -9386000000, "shortTermInvestments": 1206000000, "netReceivables": 3515000000, "longTermDebt": 20996000000, "accountsPayable": 172000000, "researchDevelopment": null, "effectOfAccountingCharges": null, "incomeBeforeTax": 4389000000, "minorityInterest": null, "netIncome": 2575000000, "sellingGeneralAdministrative": 1678000000, "grossProfit": 5944000000, "ebit": 4062000000, "operatingIncome": 4062000000, "otherOperatingExpenses": null, "interestExpense": -131000000, "extraordinaryItems": null, "nonRecurring": null, "otherItems": null, "incomeTaxExpense": 1814000000, "totalRevenue": 6130000000, "totalOperatingExpenses": 2068000000, "costOfRevenue": 186000000, "totalOtherIncomeExpenseNet": 327000000, "discontinuedOperations": null, "netIncomeFromContinuingOps": 2575000000, "netIncomeApplicableToCommonShares": 2515000000, "investments": 187000000, "changeToLiabilities": 42000000, "totalCashflowsFromInvestingActivities": 72000000, "totalCashFromFinancingActivities": -2846000000, "changeToOperatingActivities": -1155000000, "issuanceOfStock": 54000000, "changeInCash": 1716000000, "repurchaseOfStock": -2202000000, "effectOfExchangeRate": 76000000, "totalCashFromOperatingActivities": 4414000000, "depreciation": 204000000, "otherCashflowsFromInvestingActivities": 64000000, "dividendsPaid": -698000000, "changeToAccountReceivables": -55000000, "changeToNetincome": 2803000000, "capitalExpenditures": -179000000}, "2021-03-31": {"intangibleAssets": 27823000000, "capitalSurplus": 18505000000, "totalLiab": 42499000000, "totalStockholderEquity": 34349000000, "otherCurrentLiab": 10350000000, "totalAssets": 80195000000, "otherCurrentAssets": 4388000000, "retainedEarnings": 15513000000, "otherLiab": 8814000000, "goodWill": 15980000000, "treasuryStock": 331000000, "otherAssets": 6697000000, "cash": 16494000000, "totalCurrentLiabilities": 12711000000, "otherStockholderEquity": 331000000, "propertyPlantEquipment": 2684000000, "totalCurrentAssets": 26901000000, "longTermInvestments": 110000000, "netTangibleAssets": -9454000000, "shortTermInvestments": 2058000000, "netReceivables": 3225000000, "longTermDebt": 20974000000, "accountsPayable": 126000000, "researchDevelopment": null, "effectOfAccountingCharges": null, "incomeBeforeTax": 3628000000, "minorityInterest": null, "netIncome": 3026000000, "sellingGeneralAdministrative": 1613000000, "grossProfit": 5550000000, "ebit": 3584000000, "operatingIncome": 3584000000, "otherOperatingExpenses": 152000000, "interestExpense": -121000000, "extraordinaryItems": null, "nonRecurring": null, "otherItems": null, "incomeTaxExpense": 602000000, "totalRevenue": 5729000000, "totalOperatingExpenses": 2145000000, "costOfRevenue": 179000000, "totalOtherIncomeExpenseNet": 44000000, "discontinuedOperations": null, "netIncomeFromContinuingOps": 3026000000, "netIncomeApplicableToCommonShares": 2951000000, "investments": 996000000, "changeToLiabilities": -2000000, "totalCashflowsFromInvestingActivities": 835000000, "totalCashFromFinancingActivities": -2373000000, "changeToOperatingActivities": -1700000000, "issuanceOfStock": 47000000, "changeInCash": 1503000000, "repurchaseOfStock": -1719000000, "effectOfExchangeRate": -288000000, "totalCashFromOperatingActivities": 3329000000, "depreciation": 201000000, "otherCashflowsFromInvestingActivities": -3000000, "dividendsPaid": -701000000, "changeToAccountReceivables": -57000000, "changeToNetincome": 1861000000, "capitalExpenditures": -158000000}, "2020-12-31": {"intangibleAssets": 28593000000, "capitalSurplus": 18063000000, "totalLiab": 42747000000, "totalStockholderEquity": 33996000000, "otherCurrentLiab": 10097000000, "totalAssets": 80426000000, "otherCurrentAssets": 4304000000, "retainedEarnings": 14813000000, "otherLiab": 9302000000, "goodWill": 16121000000, "treasuryStock": 1120000000, "otherAssets": 6558000000, "cash": 15032000000, "totalCurrentLiabilities": 12390000000, "otherStockholderEquity": 1120000000, "propertyPlantEquipment": 2713000000, "totalCurrentAssets": 26280000000, "longTermInvestments": 161000000, "netTangibleAssets": -10718000000, "shortTermInvestments": 3009000000, "netReceivables": 3342000000, "longTermDebt": 21055000000, "accountsPayable": 131000000, "researchDevelopment": null, "effectOfAccountingCharges": null, "incomeBeforeTax": 3748000000, "minorityInterest": null, "netIncome": 3126000000, "sellingGeneralAdministrative": 1472000000, "grossProfit": 5514000000, "ebit": 3845000000, "operatingIncome": 3845000000, "otherOperatingExpenses": 152000000, "interestExpense": -136000000, "extraordinaryItems": null, "nonRecurring": null, "otherItems": null, "incomeTaxExpense": 622000000, "totalRevenue": 5687000000, "totalOperatingExpenses": 1842000000, "costOfRevenue": 173000000, "totalOtherIncomeExpenseNet": -97000000, "discontinuedOperations": null, "netIncomeFromContinuingOps": 3126000000, "netIncomeApplicableToCommonShares": 3038000000, "investments": 830000000, "changeToLiabilities": -39000000, "totalCashflowsFromInvestingActivities": 639000000, "netBorrowings": -3000000000, "totalCashFromFinancingActivities": -5572000000, "changeToOperatingActivities": -1663000000, "issuanceOfStock": 61000000, "changeInCash": -1116000000, "repurchaseOfStock": -1930000000, "effectOfExchangeRate": 304000000, "totalCashFromOperatingActivities": 3513000000, "depreciation": 197000000, "otherCashflowsFromInvestingActivities": 44000000, "dividendsPaid": -703000000, "changeToAccountReceivables": -108000000, "changeToNetincome": 2000000000, "capitalExpenditures": -160000000}, "2020-09-30": {"intangibleAssets": 29031000000, "capitalSurplus": 16721000000, "totalLiab": 44709000000, "totalStockholderEquity": 31124000000, "otherCurrentLiab": 8913000000, "totalAssets": 80919000000, "otherCurrentAssets": 4193000000, "retainedEarnings": 14088000000, "otherLiab": 8666000000, "goodWill": 15910000000, "treasuryStock": 315000000, "otherAssets": 6588000000, "cash": 16289000000, "totalCurrentLiabilities": 14510000000, "deferredLongTermAssetCharges": 63000000, "shortLongTermDebt": 2999000000, "otherStockholderEquity": 315000000, "propertyPlantEquipment": 1514000000, "totalCurrentAssets": 27645000000, "longTermInvestments": 231000000, "netTangibleAssets": -13817000000, "shortTermInvestments": 3752000000, "netReceivables": 2975000000, "longTermDebt": 21071000000, "accountsPayable": 174000000, "researchDevelopment": null, "effectOfAccountingCharges": null, "incomeBeforeTax": 3055000000, "minorityInterest": null, "netIncome": 2137000000, "sellingGeneralAdministrative": 1537000000, "grossProfit": 4910000000, "ebit": 3177000000, "operatingIncome": 3177000000, "otherOperatingExpenses": 152000000, "interestExpense": -168000000, "extraordinaryItems": null, "nonRecurring": null, "otherItems": null, "incomeTaxExpense": 918000000, "totalRevenue": 5101000000, "totalOperatingExpenses": 1924000000, "costOfRevenue": 191000000, "totalOtherIncomeExpenseNet": -122000000, "discontinuedOperations": null, "netIncomeFromContinuingOps": 2137000000, "netIncomeApplicableToCommonShares": 2060000000, "investments": -709000000, "changeToLiabilities": 14000000, "totalCashflowsFromInvestingActivities": -881000000, "netBorrowings": 3227000000, "totalCashFromFinancingActivities": 755000000, "changeToOperatingActivities": -2304000000, "issuanceOfStock": 48000000, "changeInCash": 2237000000, "repurchaseOfStock": -1544000000, "effectOfExchangeRate": 267000000, "totalCashFromOperatingActivities": 2096000000, "depreciation": 196000000, "otherCashflowsFromInvestingActivities": -4000000, "dividendsPaid": -662000000, "changeToAccountReceivables": -151000000, "otherCashflowsFromFinancingActivities": -314000000, "changeToNetincome": 2204000000, "capitalExpenditures": -168000000}}, "VEEV": {"2021-07-31": {"intangibleAssets": 107253000, "capitalSurplus": 1098703000, "totalLiab": 731286000, "totalStockholderEquity": 2620097000, "deferredLongTermLiab": 37335000, "otherCurrentLiab": 561293000, "totalAssets": 3351383000, "commonStock": 2000, "otherCurrentAssets": 7000, "retainedEarnings": 1524081000, "otherLiab": 20819000, "goodWill": 437261000, "treasuryStock": -2689000, "otherAssets": 69390000, "cash": 1064731000, "totalCurrentLiabilities": 662837000, "deferredLongTermAssetCharges": 7590000, "otherStockholderEquity": -2689000, "propertyPlantEquipment": 105687000, "totalCurrentAssets": 2631792000, "netTangibleAssets": 2075583000, "shortTermInvestments": 1198785000, "netReceivables": 334719000, "accountsPayable": 21301000, "researchDevelopment": 94899000, "effectOfAccountingCharges": null, "incomeBeforeTax": 126290000, "minorityInterest": null, "netIncome": 108858000, "sellingGeneralAdministrative": 113974000, "grossProfit": 333497000, "ebit": 124624000, "operatingIncome": 124624000, "otherOperatingExpenses": null, "interestExpense": null, "extraordinaryItems": null, "nonRecurring": null, "otherItems": null, "incomeTaxExpense": 17432000, "totalRevenue": 455594000, "totalOperatingExpenses": 330970000, "costOfRevenue": 122097000, "totalOtherIncomeExpenseNet": 1666000, "discontinuedOperations": null, "netIncomeFromContinuingOps": 108858000, "netIncomeApplicableToCommonShares": 108858000, "investments": -235356000, "changeToLiabilities": -44752000, "totalCashflowsFromInvestingActivities": -242814000, "netBorrowings": -98000, "totalCashFromFinancingActivities": 5657000, "changeToOperatingActivities": -7462000, "issuanceOfStock": 20851000, "changeInCash": -118272000, "repurchaseOfStock": -15096000, "effectOfExchangeRate": -180000, "totalCashFromOperatingActivities": 119065000, "depreciation": 6880000, "changeToAccountReceivables": -21142000, "changeToNetincome": 73935000, "capitalExpenditures": -5325000}, "2021-04-30": {"intangibleAssets": 110166000, "capitalSurplus": 1032063000, "totalLiab": 777165000, "totalStockholderEquity": 2444984000, "deferredLongTermLiab": 40007000, "otherCurrentLiab": 614972000, "totalAssets": 3222149000, "commonStock": 2000, "otherCurrentAssets": 9000, "retainedEarnings": 1415223000, "otherLiab": 18947000, "goodWill": 436029000, "treasuryStock": -2304000, "otherAssets": 74864000, "cash": 1184980000, "totalCurrentLiabilities": 709546000, "deferredLongTermAssetCharges": 13845000, "otherStockholderEquity": -2304000, "propertyPlantEquipment": 106024000, "totalCurrentAssets": 2495066000, "netTangibleAssets": 1898789000, "shortTermInvestments": 965453000, "netReceivables": 313694000, "accountsPayable": 18858000, "researchDevelopment": 83226000, "effectOfAccountingCharges": null, "incomeBeforeTax": 133010000, "minorityInterest": null, "netIncome": 115567000, "sellingGeneralAdministrative": 105765000, "grossProfit": 317437000, "ebit": 128446000, "operatingIncome": 128446000, "otherOperatingExpenses": null, "interestExpense": null, "extraordinaryItems": null, "nonRecurring": null, "otherItems": null, "incomeTaxExpense": 17443000, "totalRevenue": 433573000, "totalOperatingExpenses": 305127000, "costOfRevenue": 116136000, "totalOtherIncomeExpenseNet": 4564000, "discontinuedOperations": null, "netIncomeFromContinuingOps": 115567000, "netIncomeApplicableToCommonShares": 115567000, "investments": -35293000, "changeToLiabilities": -14970000, "totalCashflowsFromInvestingActivities": -37949000, "netBorrowings": -286000, "totalCashFromFinancingActivities": 16805000, "changeToOperatingActivities": 4835000, "issuanceOfStock": 17091000, "changeInCash": 454476000, "repurchaseOfStock": -15096000, "effectOfExchangeRate": -2765000, "totalCashFromOperatingActivities": 478385000, "depreciation": 6628000, "changeToAccountReceivables": 297571000, "changeToNetincome": 58690000, "capitalExpenditures": -2656000}, "2021-01-31": {"intangibleAssets": 114595000, "capitalSurplus": 965670000, "totalLiab": 779747000, "totalStockholderEquity": 2266320000, "deferredLongTermLiab": 42072000, "otherCurrentLiab": 619582000, "totalAssets": 3046067000, "commonStock": 2000, "otherCurrentAssets": 440000, "retainedEarnings": 1299656000, "otherLiab": 12402000, "goodWill": 436029000, "treasuryStock": 992000, "otherAssets": 74050000, "cash": 730504000, "totalCurrentLiabilities": 715952000, "deferredLongTermAssetCharges": 14100000, "otherStockholderEquity": 992000, "propertyPlantEquipment": 110567000, "totalCurrentAssets": 2310826000, "netTangibleAssets": 1715696000, "shortTermInvestments": 933122000, "netReceivables": 611593000, "accountsPayable": 23253000, "researchDevelopment": 81938000, "effectOfAccountingCharges": null, "incomeBeforeTax": 105292000, "minorityInterest": null, "netIncome": 102918000, "sellingGeneralAdministrative": 102133000, "grossProfit": 282914000, "ebit": 98843000, "operatingIncome": 98843000, "otherOperatingExpenses": null, "interestExpense": null, "extraordinaryItems": null, "nonRecurring": null, "otherItems": null, "incomeTaxExpense": 2374000, "totalRevenue": 396761000, "totalOperatingExpenses": 297918000, "costOfRevenue": 113847000, "totalOtherIncomeExpenseNet": 6449000, "discontinuedOperations": null, "netIncomeFromContinuingOps": 102918000, "netIncomeApplicableToCommonShares": 102918000, "investments": 21320000, "changeToLiabilities": 286669000, "totalCashflowsFromInvestingActivities": 21093000, "netBorrowings": -619000, "totalCashFromFinancingActivities": 8993000, "changeToOperatingActivities": -10398000, "issuanceOfStock": 9612000, "changeInCash": 96238000, "repurchaseOfStock": -15096000, "effectOfExchangeRate": -2199000, "totalCashFromOperatingActivities": 68351000, "depreciation": 6735000, "changeToAccountReceivables": -374250000, "changeToNetincome": 53995000, "capitalExpenditures": -227000}, "2020-10-31": {"intangibleAssets": 119165000, "capitalSurplus": 906137000, "totalLiab": 477262000, "totalStockholderEquity": 2106379000, "deferredLongTermLiab": 35472000, "otherCurrentLiab": 333721000, "totalAssets": 2583641000, "commonStock": 2000, "otherCurrentAssets": 85000, "retainedEarnings": 1196738000, "otherLiab": 11905000, "goodWill": 436029000, "treasuryStock": 3502000, "otherAssets": 68274000, "cash": 634265000, "totalCurrentLiabilities": 417392000, "deferredLongTermAssetCharges": 15689000, "otherStockholderEquity": 3502000, "propertyPlantEquipment": 107176000, "totalCurrentAssets": 1852997000, "netTangibleAssets": 1551185000, "shortTermInvestments": 956167000, "netReceivables": 236670000, "accountsPayable": 21324000, "researchDevelopment": 79992000, "effectOfAccountingCharges": null, "incomeBeforeTax": 104760000, "minorityInterest": null, "netIncome": 96959000, "sellingGeneralAdministrative": 93225000, "grossProfit": 274522000, "ebit": 101305000, "operatingIncome": 101305000, "otherOperatingExpenses": null, "interestExpense": null, "extraordinaryItems": null, "nonRecurring": null, "otherItems": null, "incomeTaxExpense": 7801000, "totalRevenue": 377519000, "totalOperatingExpenses": 276214000, "costOfRevenue": 102997000, "totalOtherIncomeExpenseNet": 3455000, "discontinuedOperations": null, "netIncomeFromContinuingOps": 96959000, "netIncomeApplicableToCommonShares": 96959000, "investments": -259270000, "changeToLiabilities": -87231000, "totalCashflowsFromInvestingActivities": -262586000, "netBorrowings": 79000, "totalCashFromFinancingActivities": 6265000, "changeToOperatingActivities": -4043000, "issuanceOfStock": 6186000, "changeInCash": -161517000, "repurchaseOfStock": -15096000, "effectOfExchangeRate": -599000, "totalCashFromOperatingActivities": 95403000, "depreciation": 7525000, "changeToAccountReceivables": 20863000, "changeToNetincome": 51442000, "capitalExpenditures": -3316000}}, "YUMC": {"2021-06-30": {"intangibleAssets": 367000000, "capitalSurplus": 4679000000, "totalLiab": 4476000000, "totalStockholderEquity": 6575000000, "minorityInterest": 253000000, "deferredLongTermLiab": 8000000, "otherCurrentLiab": 603000000, "totalAssets": 11304000000, "commonStock": 4000000, "retainedEarnings": 2415000000, "otherLiab": 391000000, "goodWill": 841000000, "treasuryStock": -523000000, "otherAssets": 555000000, "cash": 1209000000, "totalCurrentLiabilities": 2116000000, "deferredLongTermAssetCharges": 73000000, "otherStockholderEquity": 205000000, "propertyPlantEquipment": 4027000000, "totalCurrentAssets": 5040000000, "longTermInvestments": 474000000, "netTangibleAssets": 5367000000, "shortTermInvestments": 3139000000, "netReceivables": 181000000, "inventory": 380000000, "accountsPayable": 712000000, "researchDevelopment": null, "effectOfAccountingCharges": null, "incomeBeforeTax": 257000000, "netIncome": 181000000, "sellingGeneralAdministrative": 136000000, "grossProfit": 396000000, "ebit": 237000000, "operatingIncome": 237000000, "otherOperatingExpenses": 23000000, "interestExpense": -1000000, "extraordinaryItems": null, "nonRecurring": null, "otherItems": null, "incomeTaxExpense": 64000000, "totalRevenue": 2451000000, "totalOperatingExpenses": 2214000000, "costOfRevenue": 2055000000, "totalOtherIncomeExpenseNet": 20000000, "discontinuedOperations": null, "netIncomeFromContinuingOps": 193000000, "netIncomeApplicableToCommonShares": 181000000, "investments": -126000000, "changeToLiabilities": 191000000, "totalCashflowsFromInvestingActivities": -264000000, "totalCashFromFinancingActivities": -64000000, "changeToOperatingActivities": -121000000, "changeInCash": 125000000, "effectOfExchangeRate": 11000000, "totalCashFromOperatingActivities": 442000000, "depreciation": 124000000, "dividendsPaid": -51000000, "changeToInventory": -30000000, "changeToAccountReceivables": -2000000, "otherCashflowsFromFinancingActivities": -13000000, "changeToNetincome": 149000000, "capitalExpenditures": -138000000}, "2021-03-31": {"intangibleAssets": 234000000, "capitalSurplus": 4664000000, "totalLiab": 4224000000, "totalStockholderEquity": 6375000000, "minorityInterest": 238000000, "otherCurrentLiab": 122000000, "totalAssets": 10837000000, "commonStock": 4000000, "otherCurrentAssets": 199000000, "retainedEarnings": 2285000000, "otherLiab": 392000000, "goodWill": 829000000, "treasuryStock": -578000000, "otherAssets": 1081000000, "cash": 1084000000, "totalCurrentLiabilities": 1922000000, "deferredLongTermAssetCharges": 83000000, "otherStockholderEquity": 150000000, "propertyPlantEquipment": 3889000000, "totalCurrentAssets": 4756000000, "longTermInvestments": 48000000, "netTangibleAssets": 5312000000, "shortTermInvestments": 3026000000, "netReceivables": 102000000, "inventory": 345000000, "accountsPayable": 1800000000, "researchDevelopment": null, "effectOfAccountingCharges": null, "incomeBeforeTax": 345000000, "netIncome": 230000000, "sellingGeneralAdministrative": 130000000, "grossProfit": 475000000, "ebit": 340000000, "operatingIncome": 340000000, "otherOperatingExpenses": 5000000, "interestExpense": -1000000, "extraordinaryItems": null, "nonRecurring": null, "otherItems": null, "incomeTaxExpense": 102000000, "totalRevenue": 2557000000, "totalOperatingExpenses": 2217000000, "costOfRevenue": 2082000000, "totalOtherIncomeExpenseNet": 5000000, "discontinuedOperations": null, "netIncomeFromContinuingOps": 243000000, "netIncomeApplicableToCommonShares": 230000000, "investments": -183000000, "changeToLiabilities": -175000000, "totalCashflowsFromInvestingActivities": -347000000, "totalCashFromFinancingActivities": -55000000, "changeToOperatingActivities": -95000000, "changeInCash": -74000000, "effectOfExchangeRate": -3000000, "totalCashFromOperatingActivities": 331000000, "depreciation": 128000000, "otherCashflowsFromInvestingActivities": 1000000, "dividendsPaid": -50000000, "changeToInventory": 52000000, "changeToAccountReceivables": -3000000, "otherCashflowsFromFinancingActivities": -5000000, "changeToNetincome": 143000000, "capitalExpenditures": -165000000}, "2020-12-31": {"intangibleAssets": 386000000, "capitalSurplus": 4658000000, "totalLiab": 4404000000, "totalStockholderEquity": 6206000000, "minorityInterest": 265000000, "deferredLongTermLiab": 9000000, "otherCurrentLiab": 598000000, "totalAssets": 10875000000, "commonStock": 4000000, "retainedEarnings": 2105000000, "otherLiab": 394000000, "goodWill": 832000000, "treasuryStock": -561000000, "otherAssets": 547000000, "cash": 1158000000, "totalCurrentLiabilities": 2067000000, "deferredLongTermAssetCharges": 98000000, "otherStockholderEquity": 167000000, "propertyPlantEquipment": 3929000000, "totalCurrentAssets": 4936000000, "longTermInvestments": 245000000, "netTangibleAssets": 4988000000, "shortTermInvestments": 3105000000, "netReceivables": 156000000, "inventory": 398000000, "accountsPayable": 708000000, "researchDevelopment": null, "effectOfAccountingCharges": null, "incomeBeforeTax": 224000000, "netIncome": 151000000, "sellingGeneralAdministrative": 458000000, "grossProfit": 728000000, "ebit": 251000000, "operatingIncome": 251000000, "otherOperatingExpenses": 19000000, "interestExpense": -1000000, "extraordinaryItems": null, "nonRecurring": null, "otherItems": null, "incomeTaxExpense": 63000000, "totalRevenue": 2259000000, "totalOperatingExpenses": 2008000000, "costOfRevenue": 1531000000, "totalOtherIncomeExpenseNet": -27000000, "discontinuedOperations": null, "netIncomeFromContinuingOps": 161000000, "netIncomeApplicableToCommonShares": 151000000, "investments": -645000000, "changeToLiabilities": 9000000, "totalCashflowsFromInvestingActivities": -776000000, "totalCashFromFinancingActivities": -86000000, "changeToOperatingActivities": -148000000, "changeInCash": -624000000, "repurchaseOfStock": -8000000, "effectOfExchangeRate": 23000000, "totalCashFromOperatingActivities": 215000000, "depreciation": 123000000, "otherCashflowsFromInvestingActivities": 4000000, "dividendsPaid": -50000000, "changeToInventory": -35000000, "changeToAccountReceivables": 4000000, "otherCashflowsFromFinancingActivities": -28000000, "changeToNetincome": 156000000, "capitalExpenditures": -135000000}, "2020-09-30": {"intangibleAssets": 382000000, "capitalSurplus": 4647000000, "totalLiab": 4179000000, "totalStockholderEquity": 5962000000, "minorityInterest": 245000000, "deferredLongTermLiab": 8000000, "otherCurrentLiab": 594000000, "totalAssets": 10386000000, "commonStock": 4000000, "retainedEarnings": 2004000000, "otherLiab": 350000000, "goodWill": 800000000, "treasuryStock": -693000000, "otherAssets": 526000000, "cash": 1782000000, "totalCurrentLiabilities": 2007000000, "deferredLongTermAssetCharges": 102000000, "otherStockholderEquity": 35000000, "propertyPlantEquipment": 3676000000, "totalCurrentAssets": 4800000000, "longTermInvestments": 202000000, "netTangibleAssets": 4780000000, "shortTermInvestments": 2424000000, "netReceivables": 153000000, "inventory": 346000000, "accountsPayable": 634000000, "researchDevelopment": null, "effectOfAccountingCharges": null, "incomeBeforeTax": 605000000, "netIncome": 439000000, "sellingGeneralAdministrative": 127000000, "grossProfit": 443000000, "ebit": 301000000, "operatingIncome": 301000000, "otherOperatingExpenses": 15000000, "interestExpense": -1000000, "extraordinaryItems": null, "nonRecurring": null, "otherItems": null, "incomeTaxExpense": 155000000, "totalRevenue": 2348000000, "totalOperatingExpenses": 2047000000, "costOfRevenue": 1905000000, "totalOtherIncomeExpenseNet": 304000000, "discontinuedOperations": null, "netIncomeFromContinuingOps": 450000000, "netIncomeApplicableToCommonShares": 439000000, "investments": -1366000000, "changeToLiabilities": 72000000, "totalCashflowsFromInvestingActivities": -1572000000, "totalCashFromFinancingActivities": 2203000000, "changeToOperatingActivities": -71000000, "issuanceOfStock": 2203000000, "changeInCash": 1101000000, "repurchaseOfStock": -8000000, "effectOfExchangeRate": 23000000, "totalCashFromOperatingActivities": 447000000, "depreciation": 113000000, "otherCashflowsFromInvestingActivities": 4000000, "dividendsPaid": -50000000, "changeToInventory": 17000000, "changeToAccountReceivables": -25000000, "otherCashflowsFromFinancingActivities": -28000000, "changeToNetincome": -143000000, "capitalExpenditures": -99000000}}, "ZM": {"2021-07-31": {"capitalSurplus": 3440222000, "totalLiab": 1850845000, "totalStockholderEquity": 4657748000, "deferredLongTermLiab": 154971000, "otherCurrentLiab": 1182503000, "totalAssets": 6508593000, "commonStock": 296000, "otherCurrentAssets": 246986000, "retainedEarnings": 1217083000, "otherLiab": 81463000, "goodWill": 26247000, "treasuryStock": 147000, "otherAssets": 224533000, "cash": 1931370000, "totalCurrentLiabilities": 1686373000, "otherStockholderEquity": 147000, "propertyPlantEquipment": 284939000, "totalCurrentAssets": 5835079000, "longTermInvestments": 137795000, "netTangibleAssets": 4631501000, "shortTermInvestments": 3174029000, "netReceivables": 395266000, "accountsPayable": 49762000, "researchDevelopment": 82311000, "effectOfAccountingCharges": null, "incomeBeforeTax": 323884000, "minorityInterest": null, "netIncome": 317084000, "sellingGeneralAdministrative": 383325000, "grossProfit": 760239000, "ebit": 294603000, "operatingIncome": 294603000, "otherOperatingExpenses": null, "interestExpense": null, "extraordinaryItems": null, "nonRecurring": null, "otherItems": null, "incomeTaxExpense": 6800000, "totalRevenue": 1021495000, "totalOperatingExpenses": 726892000, "costOfRevenue": 261256000, "totalOtherIncomeExpenseNet": 29281000, "discontinuedOperations": null, "netIncomeFromContinuingOps": 317084000, "netIncomeApplicableToCommonShares": 316930000, "investments": -135608000, "changeToLiabilities": 128108000, "totalCashflowsFromInvestingActivities": -144204000, "totalCashFromFinancingActivities": 71383000, "changeToOperatingActivities": -81237000, "issuanceOfStock": 61399000, "changeInCash": 395191000, "totalCashFromOperatingActivities": 468012000, "depreciation": 12028000, "otherCashflowsFromInvestingActivities": 6500000, "changeToAccountReceivables": -41594000, "otherCashflowsFromFinancingActivities": 9984000, "changeToNetincome": 91997000, "capitalExpenditures": -12975000}, "2021-04-30": {"intangibleAssets": 10655000, "capitalSurplus": 3292241000, "totalLiab": 1695878000, "totalStockholderEquity": 4192733000, "deferredLongTermLiab": 155295000, "otherCurrentLiab": 1089211000, "totalAssets": 5888611000, "commonStock": 293000, "otherCurrentAssets": 191714000, "retainedEarnings": 899999000, "otherLiab": 81109000, "goodWill": 24340000, "treasuryStock": 200000, "otherAssets": 212992000, "cash": 1557270000, "totalCurrentLiabilities": 1528336000, "otherStockholderEquity": 200000, "propertyPlantEquipment": 286190000, "totalCurrentAssets": 5340896000, "longTermInvestments": 13538000, "netTangibleAssets": 4157738000, "shortTermInvestments": 3132309000, "netReceivables": 385611000, "accountsPayable": 8324000, "researchDevelopment": 65175000, "effectOfAccountingCharges": null, "incomeBeforeTax": 228931000, "minorityInterest": null, "netIncome": 227531000, "sellingGeneralAdministrative": 332856000, "grossProfit": 691243000, "ebit": 293212000, "operatingIncome": 293212000, "otherOperatingExpenses": null, "interestExpense": null, "extraordinaryItems": null, "nonRecurring": null, "otherItems": null, "incomeTaxExpense": 1400000, "totalRevenue": 956237000, "totalOperatingExpenses": 663025000, "costOfRevenue": 264994000, "totalOtherIncomeExpenseNet": -64281000, "discontinuedOperations": null, "netIncomeFromContinuingOps": 227531000, "netIncomeApplicableToCommonShares": 227383000, "investments": -1134404000, "changeToLiabilities": 212488000, "totalCashflowsFromInvestingActivities": -1219978000, "totalCashFromFinancingActivities": -6279000, "changeToOperatingActivities": 7355000, "issuanceOfStock": 3368000, "changeInCash": -692955000, "totalCashFromOperatingActivities": 533302000, "depreciation": 10663000, "otherCashflowsFromInvestingActivities": -6500000, "changeToAccountReceivables": -75665000, "otherCashflowsFromFinancingActivities": -9647000, "changeToNetincome": 113164000, "capitalExpenditures": -79074000}, "2021-01-31": {"intangibleAssets": 10816000, "capitalSurplus": 3187168000, "totalLiab": 1437226000, "totalStockholderEquity": 3860767000, "deferredLongTermLiab": 157262000, "otherCurrentLiab": 878267000, "totalAssets": 5297993000, "commonStock": 292000, "otherCurrentAssets": 192747000, "retainedEarnings": 672468000, "otherLiab": 86845000, "goodWill": 24340000, "treasuryStock": 839000, "otherAssets": 208861000, "cash": 2240303000, "totalCurrentLiabilities": 1259966000, "otherStockholderEquity": 839000, "propertyPlantEquipment": 247573000, "totalCurrentAssets": 4792865000, "longTermInvestments": 13538000, "netTangibleAssets": 3825611000, "shortTermInvestments": 2004410000, "netReceivables": 294703000, "accountsPayable": 8664000, "researchDevelopment": 52375000, "effectOfAccountingCharges": null, "incomeBeforeTax": 264653000, "minorityInterest": null, "netIncome": 260610000, "sellingGeneralAdministrative": 306709000, "grossProfit": 615201000, "ebit": 256117000, "operatingIncome": 256117000, "otherOperatingExpenses": null, "interestExpense": null, "extraordinaryItems": null, "nonRecurring": null, "otherItems": null, "incomeTaxExpense": 4043000, "totalRevenue": 882485000, "totalOperatingExpenses": 626368000, "costOfRevenue": 267284000, "totalOtherIncomeExpenseNet": 8536000, "discontinuedOperations": null, "netIncomeFromContinuingOps": 260610000, "netIncomeApplicableToCommonShares": 260352000, "investments": -866173000, "changeToLiabilities": 26832000, "totalCashflowsFromInvestingActivities": -889043000, "totalCashFromFinancingActivities": 1754035000, "changeToOperatingActivities": -16003000, "issuanceOfStock": 1754035000, "changeInCash": 1264388000, "totalCashFromOperatingActivities": 399396000, "depreciation": 9456000, "otherCashflowsFromInvestingActivities": 340000, "changeToAccountReceivables": -28922000, "otherCashflowsFromFinancingActivities": -9647000, "changeToNetincome": 114398000, "capitalExpenditures": -21455000}, "2020-10-31": {"intangibleAssets": 9524000, "capitalSurplus": 1086459000, "totalLiab": 1550393000, "totalStockholderEquity": 1499918000, "deferredLongTermLiab": 160142000, "otherCurrentLiab": 857482000, "totalAssets": 3050311000, "commonStock": 284000, "otherCurrentAssets": 425357000, "retainedEarnings": 411858000, "otherLiab": 75923000, "goodWill": 24340000, "treasuryStock": 1317000, "otherAssets": 207548000, "cash": 730506000, "totalCurrentLiabilities": 1413948000, "otherStockholderEquity": 1317000, "propertyPlantEquipment": 171085000, "totalCurrentAssets": 2624276000, "longTermInvestments": 13538000, "netTangibleAssets": 1466054000, "shortTermInvestments": 1141425000, "netReceivables": 280896000, "accountsPayable": 12666000, "researchDevelopment": 42582000, "effectOfAccountingCharges": null, "incomeBeforeTax": 194021000, "minorityInterest": null, "netIncome": 198642000, "sellingGeneralAdministrative": 283645000, "grossProfit": 518469000, "ebit": 192242000, "operatingIncome": 192242000, "otherOperatingExpenses": null, "interestExpense": null, "extraordinaryItems": null, "nonRecurring": null, "otherItems": null, "incomeTaxExpense": -4621000, "totalRevenue": 777196000, "totalOperatingExpenses": 584954000, "costOfRevenue": 258727000, "totalOtherIncomeExpenseNet": 1779000, "discontinuedOperations": null, "netIncomeFromContinuingOps": 198642000, "netIncomeApplicableToCommonShares": 198440000, "investments": -411958000, "changeToLiabilities": 112353000, "totalCashflowsFromInvestingActivities": -437816000, "totalCashFromFinancingActivities": 23600000, "changeToOperatingActivities": -47879000, "issuanceOfStock": 23600000, "changeInCash": -2746000, "totalCashFromOperatingActivities": 411470000, "depreciation": 7587000, "otherCashflowsFromInvestingActivities": 340000, "changeToAccountReceivables": 6809000, "otherCashflowsFromFinancingActivities": -9647000, "changeToNetincome": 103458000, "capitalExpenditures": -23264000}}}